2105 2871
463 716 725 764 JOHANNIS
753 719 822 762 DE
851 716 1163 763 GARLANDIA

246 815 314 851 DE
352 816 675 856 TRIUMPHIS
714 819 1005 857 ECCLESIAE
1045 818 1200 854 LIBRI
1239 815 1389 853 OCTO.

353 1064 460 1086 AUDIA
475 1056 682 1087 succumbunt
698 1057 842 1095 lacrimis,
859 1058 998 1099 risusque
1015 1057 1114 1087 dolori

390 1110 492 1148 Cedit,
510 1111 585 1141 dum
602 1112 690 1143 bellis
706 1113 805 1154 gratia
821 1113 904 1155 pacis
920 1113 995 1144 obit.

300 1166 454 1209 Plangite‚
472 1167 621 1209 compassi
638 1168 753 1205 cuncti,
770 1179 846 1210 quos
861 1180 998 1210 congrua
1014 1167 1097 1210 pacis

343 1222 477 1253 Solliciti
495 1229 602 1253 moesto
618 1235 674 1265 pro
690 1235 785 1265 grege
801 1235 890 1254 eausa
906 1229 1020 1254 movet.

298 1278 416 1309 Moestis
431 1278 533 1320 palma
549 1278 635 1309 dabit
650 1279 803 1320 plausum,
820 1285 889 1320 post
905 1285 1044 1320 tempora
1063 1278 1176 1308 brumae

343 1334 505 1365 Successus
521 1333 602 1364 veris
617 1333 734 1375 gratior
750 1345 813 1364 esse
829 1333 915 1364 solet.

299 1390 358 1421 Cui
374 1401 437 1420 non
452 1388 527 1420 fiere
543 1396 632 1420 vacat
648 1389 722 1420 dum
739 1389 813 1420 belli
829 1401 906 1420 saeva
922 1389 1057 1431 procella

342 1446 477 1489 Ingruit,
495 1453 526 1476 et
541 1446 639 1476 latum
655 1445 822 1487 grandinat
839 1445 920 1476 orbis
935 1444 1067 1487 agrum?

298 1502 419 1533 Audiat
435 1501 535 1533 omnis
550 1501 644 1532 homo
660 1501 792 1544 placide,
810 1501 863 1543 qui
881 1501 986 1543 diligit
1002 1500 1091 1530 illum

345 1558 397 1589 Est
413 1557 467 1600 qui
484 1557 521 1588 de
537 1569 620 1588 sacra
635 1557 759 1599 virgine
775 1564 865 1588 natus
880 1557 989 1593 homo3

300 1614 397 1644 Arma
414 1624 599 1654 crucemque
615 1624 703 1649 cano,
721 1624 781 1654 qua
797 1612 863 1643 dux
879 1618 1040 1654 superatur
1058 1611 1190 1647 Averni,

341 1669 382 1700 Et
398 1681 459 1711 qua
474 1668 647 1700 succumbit
663 1668 778 1710 vulgus
793 1668 912 1699 inerme
927 1679 1027 1698 suum.

297 1724 413 1756 Christi
429 1724 571 1755 victrices
587 1723 708 1765 aquilae,
725 1735 792 1765 quae
808 1729 879 1754 sunt
895 1723 993 1753 erucis
1009 1723 1072 1760 alae,

341 1780 497 1811 Daemonis
513 1785 544 1810 et
559 1779 681 1816 mundi,
698 1779 797 1810 carnis
813 1785 844 1810 et
859 1790 943 1809 arma
960 1778 1097 1809 domant.

301 1836 422 1867 Primus
437 1835 531 1866 homo
547 1846 653 1877 pacem
672 1834 775 1876 fregit,
791 1834 933 1875 natisque
949 1833 1073 1875 reliquit

342 1891 395 1922 Nil
412 1890 472 1921 nisi
488 1890 568 1921 bella
584 1889 656 1926 suis,
674 1888 757 1926 flere,
775 1888 888 1926 dolere,
906 1888 997 1919 mori.

299 1947 388 1978 Heu!
412 1946 554 1988 quotiens
566 1946 668 1986 justus
684 1956 774 1975 cruor
789 1951 834 1975 est
850 1956 866 1974 a
883 1945 1033 1986 sanguine
1045 1944 1123 1984 Justi

342 2003 442 2033 Fusus
459 2001 552 2038 Abel,
569 2000 712 2042 quotiens
727 1999 813 2030 saevit
829 1999 862 2029 in
879 1999 951 2030 orbe
968 1999 1078 2030 Chaim
1092 1998 1097 2029 l

298 2057 405 2089 Defleo
422 2069 492 2089 cum
506 2056 604 2088 causis
620 2067 750 2099 pugnas,
768 2055 938 2086 describere
954 2061 1080 2085 cunctas

341 2113 414 2145 Non
429 2113 518 2144 valeo
534 2119 618 2143 totus
634 2123 709 2154 quas
724 2110 817 2142 modo
833 2110 968 2141 mundus
983 2110 1091 2147 habet3

298 2169 383 2200 Hinc
398 2168 431 2199 in
449 2167 637 2198 Teutonicos
654 2167 737 2197 Mars
752 2166 907 2203 fulminat,
924 2165 1059 2208 hincque
1076 2165 1203 2197 rebelles

344 2224 437 2255 Saevit
453 2224 486 2254 in
504 2223 662 2254 Ausonios
678 2222 806 2253 martius
823 2233 892 2253 ense
909 2221 1007 2257 furor;

299 2281 337 2311 In
353 2291 409 2311 nos
424 2286 560 2310 armatur
578 2278 731 2320 Babylon,
749 2278 944 2320 Cartagoque
960 2288 1053 2307 saevos

343 2335 477 2368 Exaouit
494 2334 624 2377 gladios,
641 2334 828 2376 insidiasque
845 2333 944 2364 struit.

811 2390 826 2402 >z

790 2399 821 2420 B„

1426 1057 1445 1082 ’,ἶ
1467 1057 1576 1078 Praefatio
1590 1057 1641 1078 libri
1655 1061 1677 1078 ot

1426 1089 1589 1111 benevolentia

1423 1533 1443 1559 “l
1465 1533 1641 1555 Bous-mlvutia.
