2105 2871
546 420 599 444 DE
619 417 846 444 TRIUMPHIS
866 414 1063 441 ECCLESIAE
1083 413 1198 438 LIBRI
1217 413 1300 438 SEX.

406 503 526 534 Moestis
543 501 711 544 compatiar,
728 499 804 530 laetis
817 497 983 529 conformis
998 496 1145 532 habebor,

451 560 582 602 Sperans
598 557 710 588 laetitiae
724 567 788 586 non
804 554 913 597 procul
929 565 993 584 esse
1009 552 1102 583 diem.

405 615 614 658 Conqueritur
629 613 779 655 templum
798 610 937 648 Domini,
954 609 1137 652 plangitque
1153 606 1361 649 sepulchrum,

449 669 603 701 Nazareth
619 675 650 700 et
667 667 828 698 Bethleem
845 665 932 702 fient,
951 663 1162 706 ‹Josaphatque
1178 662 1291 704 gemit;

408 726 542 768 Quisque
558 724 610 756 sed
626 730 662 755 ut
677 723 802 766 proprio
818 723 948 759 laetetur,
965 732 1028 751 non
1044 719 1145 750 alieno

451 782 601 819 Gaudeat,
618 787 664 812 est
679 792 765 823 papae
780 791 853 810 cura
869 778 1028 819 crucisque
1044 777 1138 807 labor.

406 839 564 869 Damnant
580 836 715 879 linguosi
731 847 853 878 papam,
870 840 1079 876 punguntque
1094 831 1260 874 bilingues,

450 893 599 935 Elingues
615 892 761 927 lacerant,
779 889 833 932 qui
848 888 966 919 ratione
983 893 1097 918 carent.

407 949 489 979 Fons
505 955 536 978 et
552 947 640 989 origo
656 946 731 977 mali
747 945 812 976 sitis
828 950 873 975 est
889 956 955 986 quae
971 949 1082 974 cuncta
1098 954 1216 979 vorare,

450 1003 569 1035 Cuncta
585 1009 688 1033 tencre
705 1001 774 1038 sibi,
791 1006 901 1031 cuncta
916 1011 1030 1042 negare
1046 998 1159 1029 studet.

407 1060 588 1091 Discordant
606 1058 697 1089 variae
713 1064 820 1099 gentes
836 1055 1004 1097 habituque
1021 1055 1159 1096 locoque,

451 1116 518 1146 Mos
534 1122 579 1146 est
595 1125 672 1156 saepe
688 1125 760 1144 suus
777 1112 883 1143 mortis
899 1111 986 1153 origo
1003 1110 1086 1141 novi.

406 1171 539 1203 Delicias
555 1176 699 1212 caperent
714 1168 855 1199 breviore
871 1167 973 1198 labore
990 1177 1147 1208 supernas,

451 1227 516 1257 Ima
532 1226 643 1267 quibus
658 1224 753 1255 donat
768 1234 906 1254 summus
922 1233 1035 1252 averna
1050 1221 1144 1251 labor.

408 1283 544 1319 Morbus,
561 1292 653 1318 mors,
669 1280 793 1316 vitium,
810 1278 951 1321 putredo,
968 1278 1063 1314 labor,
1077 1277 1174 1313 dolor,
1191 1287 1283 1311 error,

452 1339 541 1369 Hanc
558 1337 700 1368 miseram
716 1336 813 1366 vitam
829 1341 901 1366 sunt
913 1334 1059 1364 comitata
1074 1333 1210 1364 brevem.

409 1395 490 1426 Gens
508 1393 594 1430 Euri,
614 1391 758 1434 Zephyri,
777 1391 892 1428 Boreae,
910 1389 1063 1420 discordat
1079 1396 1110 1419 et-
1127 1387 1247 1425 Austri,

451 1448 518 1480 Ha!
542 1448 618 1490 quid
634 1447 702 1484 erit,
720 1446 795 1489 quid
811 1458 912 1487 again,
925 1456 986 1487 quo
1003 1444 1082 1475 dabo
1099 1450 1185 1486 terga.
1200 1441 1302 1485 sugae‘?

408 1506 483 1537 Haec
497 1505 607 1536 mundi
622 1504 706 1546 prior
721 1509 766 1533 est
781 1502 890 1544 elegia,
908 1500 991 1543 quod
1007 1500 1087 1531 bona
1103 1511 1201 1542 pauca

452 1560 560 1592 Paucis
576 1559 745 1596 sufficiunt,
763 1558 877 1599 dosque
893 1556 1030 1587 modesta
1048 1555 1117 1586 Dei.

408 1618 460 1649 Ad
476 1616 606 1659 speciale
621 1627 725 1652 vocor,
742 1613 795 1645 sed
810 1625 874 1644 non
890 1612 1033 1655 generale
1048 1611 1202 1652 relinquo,

451 1673 535 1704 Dum
552 1682 718 1702 commune
733 1670 851 1701 bonum
863 1668 975 1711 pandit
989 1667 1118 1698 honesta
1135 1665 1195 1697 via.

406 1730 427 1761 J
430 1741 484 1760 ura
496 1729 609 1770 jubent
624 1727 759 1758 animam
776 1725 908 1756 coelestia
923 1735 1057 1766 poscere,
1074 1729 1169 1753 terras

450 1784 665 1827 Appropriant
680 1781 801 1813 homini
817 1781 868 1811 lex
885 1780 1025 1821 ratioque
1042 1778 1108 1809 sori.

408 1841 475 1872 Hac
490 1840 609 1871 ratione
625 1850 726 1870 comes
742 1837 792 1868 cui
808 1835 945 1866 marchia
960 1834 1068 1865 cedere
1083 1833 1175 1864 debet

450 1896 548 1927 Arma
563 1900 669 1931 novat,
686 1892 789 1923 firmat
805 1891 930 1934 oppida,
947 1890 1054 1920 fraenat
1070 1900 1172 1931 equos.

409 1953 500 1983 Vires
517 1962 592 1994 quas
608 1950 722 1981 debent
739 1947 863 1980 Christo
880 1957 1060 1977 consumere
1077 1950 1196 1975 certant

452 2007 539 2038 Inter
555 2018 586 2038 se
601 2017 752 2048 proceres,
769 2015 861 2046 seque
876 2013 1007 2044 suosque
1022 2007 1162 2044 gravant.

410 2064 469 2095 Vir
483 2063 613 2100 validus,
629 2062 745 2092 virtute
761 2061 873 2097 virens,
890 2057 1054 2101 praelustris
1069 2063 1100 2088 et
1116 2055 1217 2093 armis,

452 2117 592 2149 Marohio
609 2116 749 2148 defendit
765 2122 863 2147 castra
878 2114 987 2156 vigore
1002 2124 1065 2144 suo.

410 2175 548 2216 Linguas
563 2172 720 2203 mordaces
735 2171 859 2202 mutilat
874 2181 942 2200 mea
957 2180 1054 2205 musa,
1071 2167 1208 2210 sigillans

445 2230 483 2261 In
498 2229 627 2261 formam
639 2229 755 2270 justam
772 2226 850 2257 facta
865 2230 995 2256 venusta
1010 2223 1080 2254 viri.

412 2286 495 2325 Quid
510 2285 608 2316 virtus
623 2284 746 2315 comitis
761 2282 862 2313 valeat
878 2281 940 2312 fera
957 2279 1092 2315 Francia,
1105 2277 1210 2315 sentit,

455 2341 545 2381 Quod
560 2340 680 2372 feritate
695 2339 761 2382 pari
777 2336 895 2369 fervida
909 2347 1015 2378 pugna
1032 2334 1109 2365 ferit.

1480 403 1526 436 15

1537 930 1675 957 TIPlanctus
1687 931 1804 960 elegiaeus
1816 931 1844 952 de

1537 971 1564 986 eo
1583 964 1647 992 quod
1671 965 1764 992 propria
1784 964 1844 985 hona

1536 996 1617 1025 paucis
1630 996 1750 1017 sufficiunt
1763 1000 1784 1017 et
1793 996 1844 1018 ideo

1532 1029 1653 1050 vindicant
1666 1028 1751 1050 aliena.
