2105 2871
626 426 678 450 DE
698 426 923 452 TRIUMPHIS
941 427 1138 453 ECCLESIAE
1158 429 1272 455 LIBRI
1291 431 1395 456 OCTO.

512 508 729 539 Antiochenus
746 516 811 539 erat
828 509 974 540 Julianus
990 517 1126 552 quartus,
1144 518 1175 542 et
1190 511 1273 543 idem

555 564 649 603 Civis,
662 576 732 595 cum
750 577 858 607 sponsa
874 566 996 607 virgine
1014 566 1103 609 virgo
1119 567 1231 599 virens.

496 610 499 613 .
512 619 582 650 Hiis
599 620 682 651 Deus
697 617 846 663 apparens
859 621 939 651 votis
955 622 1113 664 respondit
1128 634 1246 661 eorum,

554 675 594 706 Et
609 676 806 718 consignavit
822 677 912 707 corda
929 684 1033 719 parata
1052 679 1127 710 Deo.

511 730 627 761 Multos
642 732 797 763 convertit
814 733 902 775 virgo
919 734 1073 773 Basilissa,
1090 735 1220 767 maritus

555 786 775 829 Quamplures;
793 789 924 819 moritur
939 802 1049 832 sponsa
1066 791 1162 835 polita
1181 793 1262 834 polo.

511 840 640 872 Praeside
656 853 727 873 euni
744 855 838 885 pravo
856 844 927 875 feeit
944 845 1091 877 Julianus
1106 859 1249 890 agonem,

552 896 648 938 Cujus
664 898 719 928 vix
735 899 848 941 poterit
864 912 979 931 nornen
995 901 1107 933 habere
1127 910 1271 936 metrum.

508 952 568 983 Dic
583 964 658 995 ergo
675 953 780 991 Marti,
798 955 847 986 die
864 968 951 994 anus,
968 957 1097 988 martius
1114 959 1179 1000 egit

552 1008 588 1038 In
605 1016 710 1040 sancto
724 1010 855 1042 Martem
873 1013 1000 1043 nomine
1016 1020 1094 1045 teste
1109 1026 1175 1046 suo.

509 1063 639 1106 Templa
656 1065 789 1109 deosque
806 1079 875 1098 suos
892 1069 1038 1100 Julianus
1056 1071 1143 1109 vicit,
1160 1080 1191 1102 et
1208 1073 1320 1115 ipsum,

554 1120 592 1150 Et
610 1128 762 1154 tormenta
779 1124 891 1165 quibus
906 1125 1019 1166 gaudia
1037 1127 1137 1158 victor
1152 1128 1255 1160 habet.

509 1177 596 1206 Servi
613 1178 747 1209 restituit
763 1180 887 1211 oculum
905 1181 958 1223 qui
975 1182 1089 1214 laeserat
1105 1184 1218 1226 ipsum,

552 1233 641 1271 Quod
658 1235 792 1266 tenebris
807 1236 900 1278 positi
916 1249 978 1268 non
995 1247 1123 1281 potuere
1139 1241 1198 1271 dci.

509 1288 543 1318 In
561 1289 694 1321 nihilum
712 1303 833 1333 prorsus
849 1300 921 1324 sunt
937 1295 1052 1337 templa
1068 1296 1201 1335 redacta,
1220 1299 1352 1342 resurgit

550 1344 702 1383 Mortuus,
720 1353 751 1377 et
767 1355 870 1379 narrat
888 1349 1014 1380 Tartara
1030 1351 1094 1382 visa
1111 1352 1183 1390 sibi;

508 1400 543 1430 ln
561 1400 657 1432 vitam
674 1403 795 1433 rediens
811 1404 924 1442 eredit3
942 1406 1144 1438 confunditur
1160 1409 1226 1440 istis

550 1457 671 1495 Praeses,
687 1459 862 1500 praesidium
880 1472 942 1491 non
958 1462 1044 1493 videt
1061 1475 1124 1494 esse
1141 1464 1214 1502 sibi3

508 1512 541 1542 ln
560 1512 718 1544 Christum
736 1515 833 1546 eredit
848 1516 948 1558 proles
965 1529 1105 1560 uxorque
1121 1521 1257 1562 tyranni,

547 1568 644 1609 Cujus
661 1569 819 1611 degladiat
834 1572 927 1603 corda
944 1581 1071 1604 cruenta
1088 1575 1187 1607 dolor.

506 1624 633 1654 §anctos
649 1636 712 1655 esse
729 1625 799 1656 seris
814 1626 974 1659 laniandos
991 1630 1140 1672 praecipit,
1157 1631 1216 1663 illae

548 1678 720 1710 Elambunt
736 1692 835 1712 saeros
851 1682 1074 1726 circueuntque
1090 1686 1191 1728 pedes.

504 1734 588 1776 Ergo
599 1735 690 1776 jubet
706 1737 811 1778 gladio
829 1738 993 1771 Julianum
1010 1742 1140 1774 subdere
1155 1745 1243 1781 colla,

547 1790 770 1834 Consortesque
786 1805 855 1825 suos
871 1796 1023 1837 quoslibet
1040 1797 1084 1829 ire
1099 1810 1196 1840 pares.

504 1845 653 1888 Deportat
669 1859 772 1879 secum
789 1850 937 1883 Julianus
952 1853 991 1883 ad
1007 1853 1115 1885 horrea
1131 1856 1200 1886 eoeli

548 1901 680 1933 Messem
697 1904 851 1936 coelestem
867 1918 899 1937 se
915 1908 1071 1951 sociosque
1087 1922 1193 1942 saeros.

504 1956 619 1988 Urbem
636 1964 800 2001 tempestas
816 1961 895 1999 ferit,
913 1969 944 1994 et
960 1965 1093 2006 populus
1105 1967 1200 2008 perit;
1218 1969 1293 2000 ortis

545 2011 710 2046 Vermibus
726 2017 875 2048 emoritur
890 2030 1007 2061 praeses,
1024 2021 1150 2064 aditque
1166 2023 1247 2055 deos.

502 2067 658 2101 Daemonis
673 2070 960 2117 haereticus-hospes
976 2078 1136 2110 tenebrosa
1151 2080 1305 2113 subintrat

544 2124 681 2165 Tartara,
698 2139 765 2170 quae
780 2141 900 2173 semper
915 2132 1031 2163 torrida
1047 2139 1140 2165 strata
1156 2144 1302 2168 cremant.

496 2179 617 2223 Quippe
635 2182 735 2215 Deum
752 2187 879 2228 spernit,
897 2188 929 2218 in
946 2188 1084 2221 daemone
1100 2202 1186 2233 spem
1204 2193 1261 2224 sibi
1278 2193 1359 2237 figit,

542 2236 602 2276 Qui
618 2250 761 2272 nummos
777 2248 924 2285 tanquam
940 2245 1070 2276 numina
1085 2258 1168 2278 sacra
1184 2249 1265 2281 colit.

499 2292 626 2336 Incepto
641 2295 744 2328 studio
760 2297 882 2340 legatur
896 2300 1025 2342 epistola
1041 2302 1120 2340 talis,

542 2349 593 2380 Sic
608 2351 675 2381 aliis
691 2352 801 2384 studiis
817 2355 910 2386 verba
925 2356 1025 2387 soluta
1041 2357 1150 2391 ferens.
