2105 2871
302 2363 333 2390 6.]

528 423 579 447 DE
600 423 828 449 TRIUMPHIS
847 424 1046 449 ECCLESIAE
1066 424 1180 449 LIBRI
1200 425 1302 450 OCTO.

392 504 475 535 Diun
492 513 626 536 vacuant
642 506 762 548 equites
778 518 934 548 campum,
952 506 1052 537 stratis
1068 513 1172 537 tamen
1189 506 1278 537 illum

434 561 570 602 Implent
585 561 773 603 corporibus,
790 573 859 604 pars
875 562 1001 593 inimica
1018 562 1109 605 fugit.

391 616 451 654 Qui
467 616 551 658 prius
568 617 707 647 exierant
723 629 883 659 nunquam
899 617 1030 654 rediere,
1047 617 1097 648 vel
1114 617 1171 660 ipsi

432 671 532 702 Fossis
548 672 598 703 vel
615 672 725 703 mediis
741 673 912 704 occubuere
928 673 996 703 viis.

389 727 556 758 Notificare
572 740 683 759 novem
700 740 793 759 musae
809 741 871 760 non
888 729 991 759 omnia
1008 736 1130 771 possent

431 783 580 822 Vulnera,
597 797 653 816 nee
669 785 783 827 poterit
798 785 850 816 hic
865 785 952 816 stilus
968 785 1024 816 iste
1040 786 1150 817 brevis.

387 838 471 869 Dicit-
486 847 519 870 ut
535 839 662 871 historia
679 841 880 878 Francorum,
898 841 982 872 rivus
997 841 1152 872 inundans

425 895 588 934 Quondam
604 897 790 939 sanguineus
806 897 857 928 hic
869 897 934 928 sine
950 904 1047 928 marte
1064 897 1131 928 fuit.

388 951 449 982 Hic
464 952 557 982 variis
573 953 660 984 bellis
677 953 768 984 modo
784 953 970 991 verificatur,
988 953 1119 984 inundat

430 1007 517 1039 Intus
533 1016 564 1040 et
584 1010 730 1047 exterius⁷
748 1010 828 1041 caede
844 1010 988 1041 madente
1005 1022 1103 1042 cruce.

387 1063 511 1106 Inpegit
527 1072 689 1108 postquam
703 1066 799 1096 muris
814 1066 968 1097 hostiliter
984 1066 1086 1097 hostes

430 1119 558 1161 Symon,
575 1121 727 1152 crudescit
742 1122 836 1152 altera
852 1134 957 1165 pugna
973 1123 1084 1165 gravis.

386 1174 485 1206 Obvia
502 1176 562 1207 tela
579 1177 684 1208 volant
700 1177 839 1219 hyberna
854 1178 1009 1220 grandine
1025 1178 1123 1220 plura,

395 1266 406 1268 ‚
428 1231 469 1261 Et
485 1239 606 1274 torquet
622 1233 737 1274 lapides
753 1233 886 1275 plurima
902 1233 998 1264 funda
1013 1245 1130 1276 graves.

384 1286 517 1318 Dimisso
533 1294 591 1318 stat
607 1299 686 1330 equo
705 1288 833 1330 Symon,
847 1289 1026 1320 meditando
1042 1290 1174 1332 patentis

427 1341 576 1373 Introitus
593 1343 672 1374 vires
688 1344 869 1386 ingeniique
885 1344 1000 1375 modos,

383 1396 499 1428 Forsan
515 1397 547 1427 in
564 1398 639 1429 urbe
652 1399 711 1429 fuit
727 1399 858 1441 petraria
874 1399 1002 1442 parvula
1018 1400 1130 1430 multas

428 1452 513 1484 Inter
528 1454 714 1491 consimiles,
733 1455 794 1485 otia
810 1455 895 1485 nulla
910 1466 1030 1497 gerens,

382 1508 521 1540 Assiduae
537 1509 683 1551 quoniam
700 1509 843 1541 mulieres
859 1522 931 1541 saxa
946 1511 1099 1548 rotabant,

424 1564 470 1595 Ut
484 1577 539 1607 pro
555 1573 642 1608 parte
658 1577 711 1596 sua
725 1566 766 1596 sie
783 1572 970 1597 nocumenta
986 1567 1104 1598 darent.

382 1620 533 1658 Quaelibet
550 1621 617 1652 Eva
632 1621 702 1658 fuit,
719 1621 771 1652 sed
787 1621 886 1663 prima
902 1622 1031 1664 nequior
1049 1623 1126 1659 Eva,

423 1676 506 1707 Dum
522 1689 577 1719 pro
593 1688 623 1708 se
639 1677 759 1708 studuit
775 1678 920 1720 quaelibet
935 1690 997 1709 esse
1013 1690 1137 1711 nocens.

379 1731 509 1763 Crebros
525 1733 599 1764 dum
616 1740 762 1775 torquent
773 1734 866 1775 juxta
882 1734 992 1765 fossata
1008 1735 1139 1777 lapillos,

420 1788 462 1818 Et
477 1788 603 1830 lapides,
620 1801 718 1820 unum
734 1801 819 1820 casus
834 1789 958 1832 iniquus
974 1791 1048 1833 agit.

379 1845 521 1886 Symonis
537 1845 569 1876 in
585 1846 705 1888 galeam
721 1846 889 1884 descendit,
906 1859 994 1878 mons
1010 1847 1053 1878 ibi
1070 1848 1156 1878 sortis

421 1901 552 1932 Labitur
567 1902 710 1939 eeclesiae,
723 1902 912 1944 justitiaeque
928 1903 1025 1945 pugil.

377 1957 448 1988 Non
464 1957 601 2000 sequitur
616 1958 768 2000 planctus,
785 1970 824 1988 ne
840 1958 959 1989 clausus
974 1959 1107 2001 gaudeat
1123 1959 1228 1998 hostis,

418 2013 517 2044 Nocte
533 2013 586 2044 sed
601 2013 734 2045 abducto
750 2026 875 2056 corpore
892 2014 979 2045 miles
995 2015 1069 2046 abit.

376 2068 543 2099 Intitulant
558 2075 680 2111 tempus
696 2069 785 2100 claris
801 2069 962 2100 annalibus
978 2070 1057 2101 illud

418 2124 575 2163 Haeretici,
592 2132 714 2168 tempus
729 2125 832 2157 flebile
849 2126 929 2157 ludit
944 2126 995 2157 eis.

375 2182 447 2212 Idus
463 2188 493 2212 et
508 2194 604 2213 nonas
620 2189 650 2214 et
666 2188 805 2225 tempora
821 2182 883 2213 fixa
899 2183 1039 2213 kalendis

417 2238 615 2276 Praetereunt,
627 2239 729 2270 bissex
745 2239 832 2282 signa
848 2239 1021 2282 gradusque
1037 2251 1114 2270 suos.

375 2295 542 2337 Signorum
558 2295 705 2337 gradibus
723 2295 839 2326 Phoebo
856 2302 998 2327 currente
1014 2295 1135 2327 dierum

415 2350 508 2381 Ortus
523 2362 586 2381 non
602 2358 777 2390 numerant,
793 2351 832 2382 sit
847 2351 906 2383 nisi
923 2363 1011 2383 causa
1027 2352 1112 2382 lucri.

1509 843 1524 869 ‘J
1543 843 1578 865 De
1590 845 1688 873 antiquo
1700 847 1819 874 sanguinis

1510 876 1561 898 rivo
1574 875 1688 898 Tholosw.

1495 2081 1514 2105 ’ἶ
1531 2081 1565 2102 De
1577 2082 1664 2110 regulis
1676 2082 1755 2105 kalen-

1494 2113 1552 2135 darii
1563 2122 1591 2135 εκ
1604 2115 1727 2142 incidenti,
1738 2117 1767 2138 ad

1492 2147 1654 2168 confusionem
1668 2148 1787 2171 haeretico-

1493 2186 1544 2200 rum
1557 2183 1580 2201 et
1592 2179 1684 2202 laudem
1698 2185 1788 2203 sancto-

1492 2218 1551 2233 rum.
