2105 2871
556 402 626 435 142
890 413 1087 439 JOHANNIS
1104 414 1156 439 DE
1176 415 1407 440 GARLANDIA

643 493 714 532 Quae
730 495 835 525 mortis
850 495 934 526 virus
950 496 1062 526 victrix
1078 497 1263 528 exterminat
1279 498 1359 534 assit,

685 550 837 581 Carminis
852 557 883 581 et
898 551 968 581 vitae
984 552 1134 583 termin-us
1149 552 1201 583 illa
1216 552 1304 583 mihi.

588 605 615 635 .i.
643 605 784 636 Carmine
799 606 842 637 sic
857 607 991 648 gemitus
1007 607 1113 645 crebri,
1130 607 1308 650 diversaque
1325 617 1406 645 vota,

684 661 723 691 Et
739 661 815 691 varii
832 673 929 692 mores
945 668 975 692 et
990 673 1068 703 vaga
1084 662 1173 693 corda
1189 670 1304 704 patent.

582 715 624 755 .ij.
651 716 775 747 Sanctas
790 716 944 758 relliquias
959 728 1033 758 quas
1044 717 1124 759 regis
1139 717 1236 759 gratia
1252 718 1323 748 fecit

683 772 812 802 Parisius
828 771 909 809 ferri,
925 771 1038 813 pagina
1053 778 1135 802 certa
1151 778 1244 802 tenet.

568 827 621 867 .iij.
648 827 708 857 Hic
723 834 831 857 natura
846 827 938 857 maris
953 834 1148 864 monstratur,
1165 834 1267 858 motus
1282 827 1321 858 ad
1336 839 1419 858 arma

682 883 892 924 Subsequitur,
908 883 1052 913 miserum
1069 883 1181 926 vulgus
1197 883 1312 914 inerme
1328 884 1432 925 gemit.

554 939 616 978 .iiij.
643 938 723 968 Urbs
740 938 925 969 Acronensis
941 938 1060 980 capitur
1075 938 1225 980 probitate
1241 945 1400 980 potentum

681 994 812 1035 Regum,
829 994 996 1024 dissensum
1013 994 1065 1025 sed
1081 1005 1159 1024 nova
1175 994 1277 1036 palma
1291 993 1379 1035 parit.

588 1061 617 1078 v.
643 1049 735 1079 Ortus
751 1049 851 1079 adhuc
868 1048 957 1079 durat
973 1048 1133 1086 dissensus,
1150 1049 1230 1080 bella
1245 1056 1425 1090 sequuntur.

680 1103 821 1134 Ecclesiae
836 1103 904 1145 paci
920 1115 985 1145 quae
1000 1115 1131 1134 nocuere
1148 1104 1210 1134 diu.

563 1160 612 1199 Λή.
640 1159 794 1190 Haereticis
810 1159 933 1190 domitis
948 1160 1075 1201 respirat
1090 1167 1168 1190 terra
1186 1159 1334 1196 Tholosae,

680 1214 720 1244 Et
736 1214 809 1244 colit
825 1214 958 1245 ecclcsiae
973 1226 1055 1245 sacra
1071 1222 1183 1246 statuta
1199 1227 1298 1246 sacrae.

551 1270 613 1310 xij.
640 1270 762 1312 Strages
777 1269 932 1301 haereticos
948 1271 986 1301 ad
1005 1272 1129 1302 Tartara
1144 1271 1252 1308 mittit,
1272 1272 1404 1314 Olympo

680 1325 851 1356 Sublimant
867 1325 983 1357 animas
999 1326 1105 1357 inclita
1121 1326 1199 1357 bella
1215 1327 1320 1357 crucis.

551 1383 625 1422 xiij.
641 1382 775 1412 Plurima
793 1381 869 1412 mira
884 1390 1000 1423 patent,
1018 1389 1047 1413 ct
1062 1383 1094 1413 in
1110 1382 1170 1413 hiis
1186 1383 1331 1413 miracula
1350 1383 1469 1424 fulgent

680 1438 870 1475 Sanctorum,
887 1438 983 1468 salvat
999 1450 1074 1479 quos
1091 1438 1174 1468 Deus
1190 1438 1253 1480 ipse
1269 1438 1355 1480 legit.

567 1494 615 1524 .ix.
638 1493 749 1524 Gentes
767 1493 915 1523 Tartareae
930 1493 1137 1529 dominantur,
1155 1493 1207 1523 sed
1223 1493 1414 1523 dominantes

678 1549 879 1591 Omnipotens
894 1547 1034 1584 domitat,
1051 1547 1276 1589 catholicosque
1288 1548 1388 1587 juvat.

572 1617 612 1636 .x.
639 1604 786 1646 Exsurgit
801 1603 945 1646 gravibus
961 1603 1083 1633 tandem
1101 1603 1227 1633 victoria
1244 1603 1340 1639 bellis,

679 1660 826 1701 Plebsque
841 1658 1061 1700 triumphatrix
1076 1664 1184 1699 regnat
1198 1658 1231 1688 in
1247 1669 1314 1688 arce
1331 1659 1402 1700 poli.

636 1716 793 1746 Terminat
808 1715 840 1745 in
856 1714 1002 1750 Domino,
1019 1713 1072 1754 qui
1088 1713 1184 1743 vitam
1199 1713 1333 1754 corporis
1349 1714 1486 1743 umbram

678 1770 785 1808 Exuit,
802 1777 832 1801 et
847 1769 942 1800 fracto
958 1780 1074 1799 carcere
1090 1769 1167 1799 liber
1182 1769 1254 1799 abit.

635 1826 711 1856 Tota
727 1825 967 1867 triumphantem
984 1824 1153 1855 circumdat
1169 1824 1251 1854 curia
1267 1825 1344 1861 coeli,

679 1882 751 1920 Quae
766 1881 851 1912 miris
863 1880 996 1911 modulis
1012 1880 1078 1910 laeta
1094 1880 1219 1910 resultat
1235 1880 1273 1910 ci.

636 1936 724 1967 Cives
739 1936 872 1966 coelestes
887 1947 939 1965 sua
953 1934 1067 1965 mulcet
1082 1934 1208 1972 musica,
1224 1942 1340 1966 mentes

679 1991 777 2021 Pascit
792 1989 935 2021 concordi
951 1989 1127 2031 disparitate
1143 1989 1236 2020 modi.

638 2047 730 2077 Urbis
745 2046 923 2088 panduntur
938 2052 1042 2087 portae,
1059 2045 1213 2087 sociosque
1228 2052 1383 2087 receptant

678 2102 796 2133 Urbani
812 2113 958 2144 proceres,
974 2100 1157 2142 aethereique
1173 2100 1273 2132 duces.

635 2158 753 2189 Nobilis
768 2159 839 2189 urbs
854 2159 921 2190 coeli
938 2163 1021 2187 tenet
1035 2157 1136 2198 ampla
1152 2156 1306 2193 suburbia,
1324 2164 1423 2198 parte>

677 2213 798 2251 Mundi,
815 2213 866 2244 sed
881 2224 980 2244 carcer
995 2218 1039 2243 est
1055 2212 1202 2243 baratrale
1217 2212 1314 2242 chaos.

635 2268 702 2300 Rex
717 2269 780 2300 illic
797 2269 834 2300 de
845 2269 914 2310 jure
930 2280 997 2299 suos
1009 2269 1174 2300 incarcerat
1188 2268 1298 2305 hostes,

676 2324 781 2355 Divite
797 2325 849 2366 qui
860 2325 958 2366 justos
973 2324 1050 2355 ditat
1066 2325 1098 2355 in
1114 2324 1188 2355 urbe
1204 2335 1264 2355 sua.
