2105 2871
248 622 263 649 f
276 622 311 643 De
322 621 406 642 comite
418 620 531 642 Tholosiae

248 654 406 683 magnanimo,
419 656 441 675 et
454 653 482 674 de
495 660 538 674 avo

248 695 290 708 suo
302 686 380 715 probo,

262 1725 279 1753 ἹῙ
290 1725 325 1746 De
338 1723 442 1753 potentia
454 1728 545 1750 regum,

261 1762 284 1779 et
296 1758 341 1779 situ
354 1755 447 1778 torridae
461 1761 524 1776 zonae

263 1794 285 1812 et
297 1790 368 1811 totius
380 1787 471 1810 mundi.

901 424 1101 450 JOHANNIS
1119 425 1172 449 DE
1193 424 1429 449 GARLANDIA

658 507 815 549 Sanguine
831 507 951 538 vicinus
966 508 1032 538 istis
1050 507 1228 538 Ludovicus
1242 507 1369 538 habebit

699 563 764 594 Hos
776 575 879 594 secum
896 563 975 594 facto
992 563 1115 600 foedere,
1132 574 1206 604 pace
1222 569 1295 593 rata.

656 619 776 660 Regum
794 625 942 660 cognatus
958 619 1098 660 princeps
1114 618 1317 660 dominusque
1335 618 1484 649 Tholosae.

640 716 653 720 fi
700 674 816 705 Audax
832 673 1025 711 Remundus,
1044 673 1177 704 Hectora
1193 673 1284 704 corde
1300 673 1390 716 gerit.

654 719 691 761 ‘Si
708 742 762 760 rex
780 729 938 760 Remensis
954 729 1034 759 ultra
1049 740 1133 759 mare
1149 728 1273 759 duceret
1288 729 1388 767 illum,

701 786 812 817 Hostes
829 785 1001 817 Jerusalem
1017 791 1164 815 sterneret
1179 796 1250 815 ense
1265 785 1334 816 viri.

658 843 681 874 C
684 843 788 873 ederet
804 841 938 884 AEgypti
954 852 1066 878 carcer,
1083 846 1231 882 sectaequc
1246 841 1382 883 perirent

702 899 775 938 Quae
790 899 882 929 tacite
897 903 1024 940 serpunt
1039 897 1231 939 ecclesiaeque
1246 904 1370 929 nocent.

659 953 880 985 Anthiocliena
895 965 967 984 suus
982 965 1057 984 avus
1073 953 1145 995 quia
1160 954 1273 983 moenia
1289 952 1407 983 dudum

704 1010 841 1047 Scandit,
858 1016 889 1040 et
904 1010 1057 1041 obstantes
1073 1009 1201 1040 tradidit
1217 1020 1287 1040 ense
1303 1009 1381 1040 neci.

662 1067 694 1098 Si
710 1078 772 1108 pax
787 1066 939 1097 haereclem
955 1077 1064 1108 perpes
1080 1064 1239 1096 ehosbcret
1254 1065 1382 1096 haberet

703 1122 878 1152 XValdensis
893 1121 1039 1152 meritum
1052 1127 1132 1152 Secta
1148 1127 1261 1152 resecta
1277 1133 1381 1158 suum3

662 1178 771 1208 Pacem
787 1184 966 1220 perpetuam
983 1189 1052 1208 cum
1069 1189 1147 1219 papa
1164 1177 1261 1208 Caesar
1277 1177 1413 1216 haberet,

705 1233 736 1264 Si
753 1245 857 1264 veram
872 1245 981 1275 regim]
997 1233 1095 1275 gratia
1112 1233 1203 1264 ferret
1219 1245 1318 1276 opem.

662 1288 797 1319 Pectoris
811 1289 930 1331 egregii
944 1288 1029 1320 flecti
1044 1289 1121 1320 solet
1135 1289 1190 1326 ira,
1208 1289 1310 1319 leones

705 1343 925 1375 Mansucscunt
939 1345 1055 1387 rapide,
1073 1345 1196 1387 tigridis
1212 1344 1256 1375 ira
1269 1344 1360 1375 cadit.

666 1399 791 1441 Imperii
807 1411 910 1431 causas
925 1400 1034 1442 linquo
1049 1400 1226 1441 majoribus,
1244 1412 1328 1430 arma

708 1454 820 1484 Ytaliae
835 1455 959 1496 gracilis
974 1467 1036 1485 non
1053 1455 1135 1498 capit
1151 1455 1204 1486 illa
1219 1455 1315 1486 stilus.

666 1510 795 1540 Mantua
812 1509 985 1552 Virgilium
1001 1511 1079 1553 petit
1094 1518 1123 1542 et
1142 1511 1282 1541 Bononia
1298 1517 1411 1548 vatem,

710 1565 751 1595 Et
768 1565 980 1596 Mediolanum
996 1572 1129 1608 pectora,
1146 1572 1227 1604 vate=
1245 1573 1306 1597 tua.

668 1620 734 1651 Hos
750 1620 891 1652 dominos
906 1621 1051 1664 plangam
1068 1621 1221 1652 discordes
1236 1633 1298 1652 esse
1314 1621 1477 1663 ducesque,

713 1677 851 1715 Quorum
868 1677 959 1719 stirps
974 1683 1040 1708 toto
1057 1677 1157 1719 fulget
1172 1677 1205 1707 in
1221 1677 1293 1707 orbe
1309 1684 1417 1719 potens
1436 1690 1442 1714 ;

672 1732 804 1774 Stirpem
821 1732 963 1763 diffusam
980 1733 1069 1763 timet
1085 1732 1165 1763 lianc
1182 1744 1313 1771 occasus,
1331 1739 1362 1763 et
1377 1739 1469 1769 ortus,

659 1829 671 1831 ἡ
714 1789 858 1830 Quisquis
874 1795 905 1819 et
921 1801 1004 1819 arma
1020 1789 1101 1831 gerit
1117 1789 1197 1819 inter
1213 1796 1380 1831 utrumque
1395 1788 1514 1831 polum,

671 1844 799 1875 Torrida
815 1845 840 1875 si
856 1844 941 1876 fieret
958 1845 1144 1882 habitabilis,
1161 1844 1241 1875 hanc
1256 1851 1429 1887 penetraret

718 1900 775 1931 Per
790 1901 882 1932 breve
899 1901 923 1931 si
939 1908 1039 1943 posset
1055 1913 1187 1932 consona
1203 1907 1280 1931 stare
1296 1900 1362 1931 sibi.

674 1956 819 1987 Comeret
836 1957 989 1999 oppositas
1005 1956 1048 1987 ita
1063 1968 1110 1987 res
1126 1956 1207 1998 quod
1224 1957 1338 1987 diceret
1354 1957 1418 1987 illic

719 2012 836 2042 Gallica
851 2012 907 2043 sub
923 2012 1053 2054 pedibus
1068 2024 1164 2055 regna
1175 2013 1276 2053 jacere
1292 2012 1361 2042 suis.

678 2067 757 2098 Sunt
773 2068 903 2109 geminae
920 2079 1001 2098 zonae
1016 2068 1117 2098 media
1134 2068 1270 2098 fervente
1286 2067 1412 2105 nivales,

720 2123 761 2153 Et
777 2135 849 2153 suus
864 2123 969 2154 affines
984 2130 1135 2166 temperat
1151 2123 1225 2154 ordo
1242 2123 1330 2161 duas;

681 2179 782 2209 Limes
794 2179 831 2210 ab
847 2179 973 2221 obliquo
989 2179 1083 2210 solem
1100 2179 1236 2216 deducit,
1253 2186 1288 2209 ut
1304 2186 1409 2210 aestum

721 2234 850 2265 Dividat
865 2247 882 2266 a
898 2235 1017 2273 bruma,
1031 2235 1271 2278 temperiemque
1288 2235 1372 2266 ferat.

680 2290 750 2321 Non
766 2290 876 2332 recipit
891 2303 979 2333 reges
995 2291 1039 2322 ibi
1055 2291 1156 2322 fervor
1171 2297 1202 2322 et
1217 2291 1300 2322 unda
1316 2303 1501 2334 repugnans,

722 2346 794 2384 Quae
810 2346 883 2377 dum
901 2347 1083 2389 decoquitur
1098 2347 1163 2378 vim
1179 2347 1248 2378 salis
1263 2347 1336 2389 igne
1353 2347 1443 2389 capit.
1464 2373 1465 2377 ,
