2105 2871
265 1274 279 1300 ἦ
301 1273 334 1293 Di*
347 1271 412 1293 malis
425 1269 570 1299 ignoruntim.

577 416 623 454 78

906 428 1103 453 JOHANNIS
1122 428 1173 452 DE
1194 427 1427 453 GARLANDIA

664 510 728 541 Nec
744 510 869 541 reticere
885 511 965 548 volo,
982 523 1037 541 nec
1053 522 1185 553 possum,
1203 510 1285 552 quod
1299 509 1377 540 mihi
1394 521 1464 540 vere

705 566 847 607 Contigit
862 566 900 596 ad
916 566 1049 604 laudeni,
1066 566 1155 608 virgo
1170 566 1267 604 beata,
1285 572 1379 596 tuam,

664 621 786 651 Ardens
804 621 936 652 Parisius
951 622 1029 652 bene
1046 622 1228 659 Eorum—dus,
1245 621 1413 652 bonitatem

704 675 845 706 Ardendi
862 682 1010 707 monstrat
1026 676 1187 707 deficiente
1203 676 1272 707 fide.

667 731 769 761 Seetas
787 731 943 761 haereticas
959 737 989 761 et
1005 737 1103 762 turres
1117 731 1207 761 turbo
1222 731 1359 773 procellae

710 787 799 817 Altas
815 786 952 822 incussit,
969 786 1200 828 praecipitesque
1216 786 1309 816 dedit.

667 841 799 872 Sustulit
814 850 832 872 a
847 848 927 872 terra
942 853 992 872 me
1008 847 1119 872 ventus
1134 841 1166 871 in
1183 852 1260 877 aera,
1277 840 1329 871 sed
1345 852 1407 871 vox

709 897 796 928 Tunc
812 909 879 927 mea
894 904 977 927 mota
993 896 1084 927 maris
1099 896 1185 926 stella
1201 896 1337 934 canebat,
1355 896 1434 926 Ave.

667 952 756 982 Felix
772 958 859 994 porta
874 952 949 994 poli,
967 952 1041 982 dum
1057 951 1135 989 dixi,
1152 962 1201 981 me
1218 951 1293 981 levis
1308 962 1359 981 aer

710 1007 762 1037 Ad
779 1014 889 1038 terram
906 1007 1018 1049 posuit,
1036 1013 1177 1048 stansque
1193 1017 1363 1048 canensque
1379 1006 1433 1036 fui.

670 1063 740 1093 Hiis
755 1063 882 1105 aliisque
898 1062 987 1093 bonis
1002 1062 1059 1093 tibi
1076 1062 1151 1099 laus,
1168 1061 1224 1092 tibi
1241 1061 1348 1103 gloria,
1365 1061 1465 1103 virgo,

715 1118 893 1148 Permaneat
909 1129 1017 1160 perpes
1032 1117 1134 1159 palma
1149 1117 1291 1159 perennis
1306 1116 1412 1147 honor.

671 1173 720 1204 Sic
737 1185 810 1215 crgo
827 1185 883 1203 nec
895 1172 1078 1215 supplicium
1096 1184 1152 1203 nec
1168 1172 1245 1202 mira
1261 1171 1432 1202 remulcent

713 1229 889 1266 Haerctioos,
906 1228 1051 1270 quonian]
1068 1228 1163 1259 ferrea
1178 1227 1269 1258 corda
1284 1227 1395 1258 ferunt.

675 1284 812 1326 Eloquiis
827 1284 918 1314 video
935 1283 1014 1314 male
1030 1283 1231 1313 fundamenta
1246 1283 1347 1313 labare

716 1340 833 1377 insciis,
850 1339 1007 1370 haerctieas
1023 1339 1148 1370 inchoat
1164 1338 1236 1369 inde
1252 1338 1326 1369 vias.

679 1396 783 1426 Verba
798 1403 956 1437 poetarum
974 1395 1076 1432 laudo,
1093 1394 1145 1425 scd
1162 1394 1284 1424 destruo
1299 1400 1393 1424 sectas

717 1451 753 1482 In
770 1451 881 1493 quibus
897 1450 1005 1481 erroris
1020 1449 1127 1480 semita
1143 1461 1236 1480 curva
1251 1449 1333 1479 latet.

679 1507 774 1538 Vecta
789 1506 942 1549 giganteis
958 1505 1093 1536 humeris
1109 1517 1183 1547 gens
1199 1516 1279 1535 nana
1294 1505 1440 1535 moderna

720 1562 890 1604 Perspieuis
906 1561 1001 1592 oculis
1016 1560 1160 1590 ulteriora
1175 1559 1268 1590 videt.

678 1618 728 1649 Ad
744 1624 877 1648 nostram
894 1617 974 1647 dicta
991 1615 1160 1646 doctrinam
1176 1615 1310 1646 earmina
1326 1622 1435 1646 cuncta

722 1674 835 1704 Paulus
851 1673 903 1710 ait,
922 1672 1008 1703 Pauli
1026 1672 1118 1702 verba
1134 1671 1286 1712 fidemque
1302 1682 1416 1713 sequar.

680 1730 749 1761 Non
766 1730 845 1760 mala
860 1729 997 1759 vitantur
1012 1727 1071 1758 nisi
1087 1727 1220 1769 cognita,
1237 1732 1305 1768 post
1319 1726 1399 1756 mala
1414 1732 1495 1762 nota,

723 1786 815 1816 Grata
830 1784 927 1827 magis
943 1784 1057 1814 Christi
1068 1795 1139 1814 vera
1154 1782 1259 1824 sophia
1274 1782 1381 1824 placet.

681 1841 751 1872 Non
767 1847 838 1871 sunt
853 1840 989 1871 calcandi
1005 1851 1165 1881 porcorum
1182 1838 1262 1869 calce
1279 1837 1407 1880 saphiri;

724 1896 873 1927 Allieiant
884 1895 1015 1936 juvenes
1030 1895 1129 1925 vatica
1142 1895 1223 1925 dicta
1238 1894 1331 1936 prius.

683 1953 857 1983 scrutantes
873 1963 979 1981 verum
997 1951 1053 1981 sibi
1070 1951 1206 1981 defecere
1230 1949 1354 1986 vetusti,

726 2007 785 2037 Sed
801 2006 856 2037 sub
872 2006 953 2036 nube
969 2012 1071 2036 tamen
1088 2016 1232 2036 exeruere
1249 2004 1340 2034 viam.

684 2063 747 2093 Illis
759 2063 908 2093 debentur
923 2061 1040 2098 laudes,
1057 2066 1216 2103 gratesque
1231 2065 1397 2096 merentur⁷

726 2119 807 2157 Quos
822 2118 997 2160 ignorantes
1012 2116 1129 2146 detinet
1144 2115 1251 2146 umbra
1266 2115 1371 2157 stygis.

683 2174 801 2204 Tullius
817 2173 938 2214 eloquio
949 2172 1071 2214 probus,
1088 2177 1118 2202 et
1134 2171 1220 2201 Maro
1235 2170 1399 2207 maximus,
1416 2176 1511 2200 artem

726 2228 848 2270 Eloquii
865 2227 1021 2264 dederant,
1039 2238 1114 2268 quos
1130 2226 1287 2256 imitamur
1298 2225 1330 2255 in
1346 2225 1414 2255 hoc.

685 2284 762 2314 Sunt
777 2283 854 2313 bene
870 2282 1026 2313 credentes
1040 2282 1142 2319 hodie,
1159 2282 1211 2312 scd
1227 2281 1305 2312 fallit
1320 2281 1353 2311 in
1369 2288 1432 2311 arte

726 2338 839 2368 Multos
854 2337 1015 2375 barbaries,
1033 2337 1254 2379 garrulitasque
1270 2348 1359 2367 nova.
