2105 2871
647 406 667 440 2
980 416 1182 441 ,IOHANNIS
1200 416 1253 443 DE
1273 416 1511 441 GARLANDIA

323 508 342 521 f
363 506 476 529 Docilitas
493 506 531 528 hic
545 505 632 534 adqui·
737 497 911 529 Occurrunt
926 498 1019 540 pauci
1034 498 1087 529 sed
1104 498 1195 529 fortes
1210 498 1266 529 sub
1283 498 1362 529 duce
1379 498 1512 536 Christo,

323 545 388 562 mu*
782 554 865 592 Quos
881 565 965 584 saera
981 554 1033 585 lex
1049 560 1147 584 armat
1163 560 1193 584 et
1208 560 1272 591 tua,
1291 553 1423 591 Christe,
1439 553 1523 584 fides.

739 608 824 638 Dans
840 608 1035 639 intellectum
1051 609 1170 646 lectori,
1187 620 1307 640 summa
1322 609 1421 640 libelli

784 663 945 701 Praeludit‚
963 670 1064 695 totum
1081 670 1167 706 parte
1182 664 1312 706 patescit
1327 676 1414 706 opus.

744 719 837 761 Legis
852 726 969 750 tutores
984 719 1092 761 primae
1106 720 1245 762 legisque
1261 719 1401 750 seeundae

593 786 604 808 ῑ
616 794 623 807 0
705 815 719 820 ν
784 775 952 806 Notificare
964 775 1056 816 juvat
1071 782 1103 806 et.
1117 787 1287 807 memorare
1303 776 1424 818 probos.
1469 790 1473 794 ·

734 830 873 861 Auditor
889 830 997 861 docilis
1012 831 1191 862 summatim
1207 837 1312 862 ce‘rnat
1326 831 1492 862 honestum

787 887 978 923 Tractatum,
996 886 1113 917 stabilis
1129 892 1247 917 constet
1262 893 1298 917 ut
1313 887 1379 929 ipse
1394 886 1464 917 fide.

744 943 885 974 Scribere
901 955 951 974 me
967 943 1053 986 cogit·
1068 943 1134 973 laus
1151 942 1267 974 Christ-i
1281 943 1408 985 lausque
1425 943 1541 980 Mariae,

784 997 866 1029 Laus
882 998 991 1035 crucis,
1009 997 1142 1029 ecclesiae
1157 998 1271 1040 palma,
1288 1010 1409 1036 corona,
1427 998 1528 1030 decus.

742 1055 933 1085 Francorum
949 1065 1037 1097 reges
1052 1054 1174 1096 pugiles
1190 1054 1308 1085 fulsisse
1323 1053 1429 1085 fideles

784 1110 930 1141 Ecclesiae
944 1111 1030 1141 laetor
1046 1116 1131 1152 gesta
1148 1110 1287 1141 canendo
1304 1121 1372 1148 sua3

744 1167 804 1198 Sed
821 1174 924 1198 motus
938 1166 1019 1197 mihi
1034 1165 1109 1197 fiere
1124 1166 1208 1203 lieet,
1228 1166 1281 1208 qui
1297 1166 1432 1208 plurima
1447 1177 1543 1208 regna

786 1222 942 1259 Turbant3
969 1233 1032 1264 pax
1048 1221 1169 1252 utinam
1184 1233 1281 1264 regna
1297 1221 1451 1263 ducesque
1466 1221 1554 1264 liget.

743 1278 829 1309 Inter
845 1277 1045 1309 Christicolas
1060 1278 1213 1308 lamentor
1228 1277 1331 1320 praelia
1347 1284 1442 1315 mota,

675 1372 689 1374 ψ
786 1334 904 1364 Hortor
920 1339 950 1364 et
965 1333 998 1363 in
1018 1333 1146 1364 Parthos
1162 1340 1282 1364 vertere
1296 1333 1378 1364 bella
1394 1333 1483 1364 feros.

331 1399 350 1412 ἴ
370 1400 481 1435 Attentos
493 1398 570 1420 reddit
742 1391 894 1421 Attentus
909 1389 1007 1421 lector
1022 1389 1196 1432 speculetur
1211 1389 1344 1432 qualiter
1360 1389 1426 1420 exit

330 1436 413 1453 ²¹⁰⁰t⁰r
423 1431 550 1453 audnores.
786 1445 818 1476 A
834 1445 1025 1487 tempestatis
1040 1445 1165 1476 turbine
1181 1445 1292 1487 cymba
1310 1445 1404 1476 Petri.

743 1500 768 1531 F
772 1500 953 1542 rancigenas
969 1506 1068 1530 armat
1084 1512 1162 1530 crux
1179 1500 1306 1538 Christi,
1323 1512 1410 1543 gaza,
1426 1507 1570 1543 potestas,

787 1556 829 1587 Et
845 1556 941 1587 socios
956 1556 1018 1587 illis
1033 1556 1177 1598 proxima
1192 1568 1287 1599 regna
1304 1556 1438 1594 dabunt3

743 1613 813 1644 Rex
829 1612 931 1644 studet
948 1618 983 1643 ut
998 1612 1095 1643 salvet
1111 1612 1240 1650 animas,
1256 1624 1320 1643 non
1338 1612 1482 1643 Parthica
1498 1625 1593 1655 regna

788 1668 914 1707 Quaerit,
931 1667 981 1699 eui
997 1667 1091 1699 servit
1109 1668 1209 1699 Gallia
1225 1668 1312 1699 dives
1327 1680 1433 1711 opum.

744 1725 880 1767 Argenti
896 1736 988 1755 venas
1005 1724 1111 1766 coquit
1127 1724 1258 1767 Anglia,
1275 1736 1332 1756 nee
1348 1725 1435 1767 cupit
1450 1735 1540 1767 agros

787 1780 858 1810 Rex
874 1791 945 1810 suus
963 1779 1116 1822 Assyrios,
1133 1779 1231 1810 immo
1247 1779 1383 1822 trophaea
1399 1780 1506 1811 crucis.

746 1836 793 1866 Sit
810 1835 933 1866 fortuna
948 1835 1021 1866 lieet
1038 1835 1168 1866 miscens
1183 1835 1311 1866 adversa
1327 1835 1480 1873 secundis,

790 1892 859 1922 Hiis
877 1898 979 1922 tamen
996 1892 1129 1922 occurrit-
1144 1903 1231 1923 mens
1247 1892 1385 1923 animosa
1401 1892 1526 1924 ducum.

745 1973 751 1979 .
778 1971 784 1978 .
811 1972 818 1979 .
843 1972 850 1979 .
874 1948 940 1978 lum
956 1947 1010 1990 qui
1026 1947 1120 1978 siccet
1135 1948 1277 1979 lacrimas
1292 1947 1382 1986 mihi,
1401 1948 1533 1986 Christe,
1550 1949 1757 1992 triumphans,

885 2027 892 2034 .
917 2010 947 2033 et
963 2003 1027 2034 nati
1044 2003 1146 2045 pande
1162 2003 1297 2046 trophaea
1313 2010 1377 2035 tuo.

843 2082 850 2089 .
874 2057 954 2095 fave,
970 2058 1127 2100 pigmenti
1144 2059 1231 2097 cella,
1249 2059 1362 2090 favoris

886 2138 894 2145 .
917 2114 1017 2151 inum,
1034 2125 1133 2156 purga
1149 2121 1255 2157 pectus
1271 2121 1302 2146 et
1317 2114 1392 2146 hora
1408 2115 1497 2146 mihi.

842 2195 849 2201 .
875 2169 1006 2201 defende
1022 2177 1102 2208 tuos,
1119 2169 1274 2201 confunde
1291 2177 1449 2212 tyrannos,

856 2251 863 2258 .
889 2251 895 2257 .
918 2226 958 2257 lla
975 2225 1074 2257 crucis
1089 2225 1279 2267 praecipitare
1294 2225 1416 2257 volunt.

845 2307 852 2314 .
875 2293 962 2324 reges
978 2281 1128 2312 detractio
1143 2281 1254 2312 laedere
1265 2282 1376 2322 justos,

792 2362 799 2369 .
823 2362 830 2369 .
857 2362 864 2370 .
888 2362 894 2368 .
920 2349 987 2368 sum
1004 2337 1110 2368 laudes
1125 2343 1244 2368 certant
1259 2336 1372 2368 habere
1388 2348 1464 2367 suas.
