2105 2871
535 393 587 418 DE
607 392 834 419 TRIUMPHIS
853 391 1051 417 ECCLESIAE
1071 390 1186 415 LIBRI
1205 390 1311 416 OCTO.

425 475 546 507 Sirenes
562 482 698 512 cantant,
715 475 839 511 ludunt,
857 473 1056 516 gaudentque
1071 472 1224 515 procellis,

469 531 633 573 Languent
649 531 682 561 in
698 530 779 561 claro
795 529 933 571 flentque
949 536 1143 571 gemuntque
1160 528 1246 559 freto.

425 587 505 618 Sunt
520 586 657 629 epitheta
673 586 771 617 crucis
787 585 951 622 cruciatus„
968 596 1085 627 pugna,
1103 583 1291 626 triumphus,

467 641 555 672 Mens
570 641 706 678 robusta,
719 640 794 672 fides
810 640 908 678 firma,
926 651 1061 682 perenne
1077 640 1178 671 decus.

422 697 505 728 Dum
521 697 616 728 sumit
632 708 718 728 mens
734 697 850 727 munda
867 708 1000 733 erucem,
1018 707 1095 727 crux
1111 703 1273 738 promovet
1289 701 1403 730 actum,

467 754 567 784 Actus
582 753 635 784 dat
650 754 796 796 palmam,
814 753 976 795 palmaque
993 753 1074 784 dona
1090 752 1181 794 capit.

424 810 498 848 Quae
514 821 570 840 nos
586 809 763 852 inpugnant
779 809 893 851 speeies
909 815 982 839 sunt
997 808 1082 839 inille
1099 814 1209 846 reatus,

468 865 556 896 Mille
573 872 677 896 tamen
693 865 792 896 vincit
808 865 939 907 mystica
954 876 1061 907 pugna
1077 864 1184 895 crucis.

422 921 542 952 Assunt
557 921 687 952 fortunae
702 921 847 959 ludibria,
864 933 931 963 quae
947 921 1030 951 levat
1045 920 1124 957 illos,

467 976 532 1008 Hos
547 977 670 1019 premit,
688 977 844 1007 illecebras
860 976 965 1013 donat,
983 988 1093 1018 easque
1110 976 1199 1018 rapit.

423 1033 574 1064 Donatam
591 1041 715 1064 revocat
731 1033 918 1070 Damnatam,
936 1032 1038 1064 reddit
1055 1032 1188 1063 inermes

468 1089 628 1127 Soldanos,
645 1101 748 1120 11115115
765 1089 867 1120 munit
882 1095 913 1120 et
929 1095 1027 1119 armat
1043 1100 1101 1119 eos.

423 1144 496 1181 Cur,
515 1144 609 1181 Deus,
626 1144 749 1185 injustis
764 1144 877 1187 pateris
893 1144 1091 1174 succumbere
1104 1142 1226 1184 justos?

465 1201 485 1231 ,J
490 1208 575 1231 ustus
591 1212 632 1238 es,
649 1208 680 1232 et
691 1200 784 1241 justis
800 1200 854 1231 das
869 1207 922 1231 tua
938 1211 1033 1242 regna
1050 1199 1134 1229 viris.

422 1256 486 1287 Sub
502 1256 598 1287 dubio
614 1268 723 1287 verum
738 1268 800 1287 non
817 1256 937 1298 quaeris‚
955 1256 1006 1286 lex
1023 1255 1095 1297 quia
1111 1262 1195 1286 certa

467 1313 521 1343 Est
537 1320 601 1350 tua,
618 1320 653 1344 tu
669 1319 786 1344 rectum
803 1312 912 1350 cernis,
929 1319 960 1343 et
975 1324 1061 1354 aequa
1078 1312 1160 1342 facis.

425 1368 456 1398 Si
474 1368 615 1404 vincunt,
632 1368 682 1399 vel
698 1368 723 1398 si
739 1368 919 1404 vincuntur⁷
935 1368 1060 1410 praemia
1076 1375 1215 1405 sumunt,

467 1425 648 1466 Augmento
665 1423 748 1460 fidei,
765 1423 975 1466 martyrioque
991 1435 1085 1454 sacro.

423 1479 573 1521 Martyrio
589 1491 728 1521 proceres
743 1479 913 1509 transmisit
930 1479 1061 1510 Francia
1078 1479 1155 1510 felix

466 1534 519 1565 Ad
535 1534 661 1571 coelum,
679 1534 747 1564 coeli
763 1546 818 1565 rex
835 1534 1003 1576 locupletat
1019 1545 1078 1565 eos.

423 1589 575 1620 Robertus
591 1601 691 1620 comes
708 1589 876 1627 Attrebati‚
897 1589 1081 1620 Guillehnus
1098 1590 1136 1620 ab
1151 1601 1222 1621 ense

467 1645 576 1688 Longo
592 1657 706 1676 110111011
722 1645 846 1682 habens,
864 1645 1003 1676 enituere
1019 1645 1117 1687 probi.

422 1701 597 1732 Ensiferum
614 1701 694 1732 circa
712 1701 918 1732 Guillelmum
934 1701 1059 1743 sanguis
1076 1701 1218 1739 inundat,

465 1757 616 1798 Purpurat
632 1763 663 1788 et
679 1757 816 1799 capitum
832 1757 919 1799 copia
936 1757 1029 1788 densa
1045 1757 1154 1788 solum.

423 1813 559 1843 Truncat
577 1812 720 1844 Oliverus
736 1812 774 1843 de
793 1812 913 1843 Termis
930 1812 1027 1842 mittit
1044 1819 1075 1843 et
1091 1812 1186 1843 010110

422 1910 424 1912 .
467 1868 650 1900 Parthorum
666 1880 789 1905 cuneos,
807 1880 882 1910 quos
895 1868 974 1904 ferit,
992 1874 1093 1910 urget,
1111 1868 1186 1911 agit.

422 1924 564 1955 Dedecus
579 1924 711 1955 ecclesiae
727 1923 869 1966 regisque
885 1923 973 1954 silere
990 1922 1122 1961 decebit,

466 1979 527 2018 Qui
542 1979 622 2010 mala
638 1991 693 2022 pro
709 1979 845 2010 Domino
862 1979 917 2010 sub
933 1978 1012 2020 pede
1028 1986 1139 2010 cuncta
1155 1980 1276 2022 premit.

424 2035 456 2066 Si
472 2042 580 2077 gentes
595 2035 715 2078 gladiis,
733 2036 757 2066 si
773 2047 863 2077 gazas
878 2035 951 2077 igne
970 2034 1098 2077 Pelasgo

467 2091 616 2129 Perdidit,
635 2091 667 2122 in
684 2091 800 2122 donum
817 2091 933 2133 gaudet
948 2090 1061 2121 habere
1078 2090 1190 2121 Deum.

423 2147 506 2178 Ordo
522 2147 650 2189 dUPIQX,
667 2147 736 2178 alba
751 2159 840 2178 cruce
857 2158 996 2189 pugnaX,
1013 2153 1043 2177 et
1060 2158 1149 2178 011100
1165 2148 1267 2185 rubra,

464 2203 607 2245 Assyrios
623 2203 720 2234 mittit
736 2203 775 2234 ad
791 2203 921 2245 stygiale
937 2202 1037 2233 chaos.

423 2259 582 2301 Pugnaces
598 2258 651 2289 alii
667 2259 736 2290 coeli
751 2270 890 2290 meruere
905 2269 1062 2295 coronam,

464 2314 550 2345 Crux
566 2314 678 2356 quibus
694 2315 797 2346 clectis
814 2314 917 2345 coelica
934 2313 1033 2344 clarus
1049 2321 1122 2344 erat.

1458 381 1527 414 135
