2105 2871
600 404 671 438 122

934 415 1134 441 JOHANNIS
1152 416 1204 441 DE
1224 415 1455 441 GARLANDIA

686 496 804 527 Vocem
820 497 974 539 caprinam
991 509 1047 528 nec
1063 497 1198 540 fingunt,
1214 510 1272 530 nec
1292 499 1440 530 asininam

727 551 752 581 F
755 558 875 582 orm-ant
890 564 966 583 voce
981 564 1058 591 sues,
1074 553 1273 596 effigiantque
1288 566 1387 597 grues.

685 607 733 637 Ha
746 607 752 637 l
776 607 902 638 habitur
916 608 1019 650 pueris
1034 618 1103 650 post
1120 621 1154 640 .a.
1172 610 1232 640 nisi
1247 616 1385 652 tempora
1399 612 1471 643 vitae

725 663 907 705 Disponant,
925 664 1019 694 studii
1034 664 1073 694 sit
1088 664 1147 694 nisi
1162 672 1244 696 meta
1259 665 1351 697 Deus.

685 718 717 748 Si
733 718 856 760 genitor
871 726 986 760 peccat,
1003 719 1036 748 in
1053 719 1159 749 eodem
1176 719 1257 750 filius
1273 728 1363 759 errat,

726 773 767 803 Et
782 780 901 803 terrena
917 773 1001 814 sequi
1018 781 1103 815 patre
1119 774 1248 805 docente
1263 776 1375 808 studet.

684 827 780 858 Dulce
797 828 915 858 dedisse
932 828 998 859 Deo
1014 829 1121 866 vitam,
1138 841 1206 871 quae
1221 838 1285 861 tam
1301 831 1362 862 cito
1377 832 1482 864 labens

725 884 877 926 Tempora
893 885 1054 915 continuat
1070 897 1165 927 parva
1180 886 1282 917 labore
1297 888 1396 929 gravi.

683 939 772 969 Felix
788 940 879 970 febris
895 947 959 970 erat
974 940 1066 982 regis,
1083 953 1143 982 qua
1161 941 1259 973 Gallia
1275 949 1339 974 tota

725 995 778 1025 Est
795 1006 865 1025 cum
881 1007 954 1037 rege
970 1007 1024 1026 suo
1040 996 1142 1037 bajula
1158 996 1235 1028 facta
1252 999 1359 1030 crucis.

681 1050 704 1080 C
706 1061 827 1081 aesareas
842 1050 958 1092 aquilas
973 1058 1003 1081 et
1019 1051 1100 1092 regis
1114 1051 1179 1082 lilia
1195 1053 1291 1084 nostri

724 1106 883 1136 Formidat
899 1105 962 1136 solo
981 1106 1106 1137 Parthia
1122 1107 1203 1138 vieta
1219 1118 1315 1140 metu.

682 1161 735 1192 Est
752 1161 878 1192 fundata
894 1173 984 1203 super
999 1161 1188 1193 Francorum
1205 1172 1290 1206 gesta
1306 1164 1402 1196 libelli

723 1216 850 1258 Pagina,
867 1217 1019 1247 contentis
1034 1218 1213 1249 continuata
1229 1219 1299 1250 suis.

681 1270 824 1302 Occiduae
839 1277 940 1313 partes
955 1271 1072 1313 equites
1087 1273 1294 1305 transmittere
1310 1274 1402 1306 fortes

724 1326 895 1363 Festinant,
913 1327 1055 1368 Babylon
1070 1334 1105 1358 ut
1120 1335 1202 1359 retro
1217 1329 1304 1372 signa
1322 1330 1406 1361 ferat.

680 1382 823 1412 Athletas
839 1381 911 1412 fidei
926 1390 1106 1424 prostratros
1122 1384 1236 1426 templa
1252 1392 1374 1416 ruentes

726 1436 836 1468 Sancta
852 1436 913 1467 Dei
928 1436 1028 1474 doleo,
1045 1437 1218 1480 damnaque
1233 1439 1350 1482 plango
1364 1452 1454 1472 nova.

683 1492 840 1534 Sanguine
855 1492 907 1522 sed
922 1491 989 1522 fuso
1007 1492 1190 1524 Parthorum
1206 1495 1303 1526 millia
1318 1496 1416 1527 multa

725 1548 811 1578 Anto
827 1559 912 1578 suam
928 1555 1057 1579 mortem
1075 1556 1167 1580 strata
1183 1550 1294 1582 dedere
1309 1552 1383 1583 solo.

682 1603 751 1634 Flet
766 1603 913 1646 flcbitque
929 1604 1027 1647 magis
1041 1605 1182 1647 princeps
1198 1607 1375 1649 Babylonis,
1392 1609 1425 1639 in
1441 1609 1527 1640 illum

726 1659 856 1701 Pergere
871 1659 1015 1701 proponit
1030 1661 1139 1691 martia
1154 1662 1243 1692 turba
1258 1663 1364 1694 crucis.

683 1716 713 1745 A
728 1726 805 1756 papa
821 1715 929 1745 missus
942 1715 1075 1746 referens
1089 1728 1106 1746 a
1121 1717 1244 1748 cardine
1258 1729 1382 1756 nomen,

725 1770 784 1801 Oto
800 1771 897 1801 crucis
912 1771 1009 1808 miles,
1025 1771 1064 1802 dc
1079 1783 1169 1803 cruce
1183 1773 1275 1804 verba
1291 1774 1372 1804 serit.

683 1826 751 1856 Rex
765 1827 883 1857 utinam
901 1827 987 1857 vivat
1004 1827 1204 1865 Francorum,
1222 1828 1342 1869 bajulus
1357 1829 1422 1871 ipse

726 1881 780 1912 Est
795 1882 902 1919 crucis,
919 1881 1051 1912 efficitur
1066 1882 1148 1913 istud
1163 1891 1275 1924 agente
1291 1883 1368 1921 Deo,

682 1936 779 1978 Regia
795 1948 870 1967 crux
885 1937 967 1979 pacis
983 1943 1027 1967 est
1042 1948 1131 1968 causa
1146 1939 1340 1980 praeambula‚
1357 1939 1451 1981 pulsis

725 1992 863 2022 Florebit
877 1992 1013 2033 reprobis
1028 1992 1125 2023 clerus
1140 1993 1173 2023 in
1189 1993 1264 2024 urbe
1282 1993 1392 2025 Salem.

682 2047 768 2078 Anni
785 2054 856 2077 sunt
871 2047 1006 2089 quinque
1023 2047 1122 2078 decies
1137 2055 1266 2090 octoque
1281 2050 1407 2091 peracti,

725 2102 771 2133 Ut
786 2102 883 2133 crucis
899 2110 1029 2144 aceeptae
1043 2110 1112 2144 tyro
1130 2103 1291 2146 Philippus
1306 2111 1379 2135 erat.

683 2158 821 2196 Quatuor
835 2165 993 2189 armantur
1008 2158 1114 2190 fratres
1129 2170 1229 2195 cruce,
1245 2171 1302 2190 rex
1319 2159 1505 2198 Ludovicus,

724 2213 934 2255 Robertusque
949 2225 1049 2244 comes
1064 2214 1282 2245 Attrebatense
1297 2215 1398 2253 decus,

683 2269 826 2300 Pictaviae
842 2269 983 2300 dominus
999 2269 1187 2311 Alphonsus,
1206 2269 1337 2301 Karolus
1350 2271 1462 2308 audax‚

725 2324 785 2356 Cui
802 2324 962 2355 Provincia
979 2324 1032 2355 dat
1046 2325 1139 2356 robur
1153 2325 1264 2356 habere
1279 2337 1378 2357 suum.
