2105 2871
570 451 617 485 64
905 459 1103 485 JOHANNIS
1121 460 1174 485 DE
1194 458 1429 485 GARLANDIA

660 543 763 573 Mittet
779 542 949 573 vindictam
967 542 1097 573 Marthae
1112 542 1272 585 provincia
1280 543 1408 583 justam,

648 631 662 634 μ
701 598 753 629 Ad
770 610 862 641 quam
875 599 1017 640 pervenit
1029 611 1149 641 quaque
1165 598 1283 641 sepulta
1294 598 1387 639 jacet.

662 654 696 684 In
715 654 885 685 Tarascona
902 665 957 696 pro
974 653 1097 684 Martha
1112 654 1210 684 multa
1225 652 1345 696 peregit

703 710 781 740 Mira
799 709 892 746 Deus,
910 709 990 740 clero
1007 708 1190 740 testificante
1205 709 1275 740 loci.

662 765 851 796 Indomitum
868 764 990 795 domuit
1005 764 1048 795 ibi
1065 764 1220 806 quondam
1237 763 1360 794 Martha
1377 763 1551 797 draconem,

705 821 870 862 Postquam
887 819 1020 861 suscepit
1032 819 1131 861 patria
1147 824 1211 850 tota
1226 818 1331 849 fidem.

663 876 751 906 Hanc
766 875 910 906 dominus
926 881 1029 905 noster
1045 873 1198 916 sepelivit,
1216 873 1241 904 F
1244 879 1394 915 rontoque
1410 873 1518 915 praesul

706 931 892 972 Petragorae,
910 929 987 960 mira
1003 929 1181 960 conditione
1197 935 1311 959 tamen.

662 987 787 1017 Missam
806 986 978 1026 Petragorae
994 983 1161 1015 celebravit
1178 983 1306 1021 Fronto,
1324 983 1374 1014 sed
1391 983 1471 1014 alma

707 1040 845 1072 Praesulis
861 1040 894 1071 in
910 1039 1055 1071 cathedra
1071 1039 1198 1070 dormiit
1213 1039 1278 1082 ipse
1294 1039 1408 1070 sedens.

665 1095 796 1137 Spiritus
811 1094 957 1136 exequias
973 1095 1058 1137 quasi
1073 1107 1164 1126 verus
1178 1094 1272 1126 homo
1285 1094 1369 1132 facit,
1386 1094 1458 1125 inde

644 1194 658 1196 ἠ
708 1149 868 1192 Evigilans
883 1150 991 1192 praesul
1007 1150 1132 1181 canonis
1148 1150 1252 1192 explet
1268 1161 1352 1192 opus.

666 1209 794 1237 Sanctus
810 1206 842 1236 in
858 1206 997 1249 exequiis
1013 1205 1204 1237 chirothecas
1221 1205 1339 1236 Fronto
1355 1205 1489 1247 reliquit,

708 1262 859 1293 Dimissus
873 1262 988 1304 pariter
1003 1261 1136 1293 annulus
1152 1261 1218 1302 ejus
1233 1267 1307 1292 erat.

667 1318 693 1348 N
697 1318 807 1348 uncins
824 1324 868 1348 est
884 1317 1003 1355 missus,
1020 1323 1064 1348 est
1079 1316 1211 1347 annulus
1227 1315 1300 1347 inde
1316 1316 1439 1354 relatus,

709 1374 781 1406 Una
797 1373 891 1404 relata
904 1373 996 1404 simul
1012 1379 1057 1403 est
1070 1371 1245 1403 chirotheca
1261 1383 1324 1403 sua.

665 1430 786 1460 Clamat
803 1429 840 1460 ad
856 1429 916 1460 hoc
932 1428 1032 1459 omnis
1050 1428 1162 1465 Vach
1180 1427 1357 1459 maledictio
1373 1427 1470 1458 sancti

711 1485 876 1516 Frontonis
892 1485 981 1516 feriat
997 1483 1088 1515 obvia
1104 1483 1191 1526 signa
1207 1483 1273 1514 sibi.

669 1540 738 1570 Hiis
750 1540 932 1582 indignatur
947 1539 1048 1571 verbis
1063 1551 1132 1582 pars
1148 1529 1252 1576 altera,
1270 1539 1376 1570 densat

712 1596 805 1634 Ictus,
822 1596 937 1627 exaltat
953 1595 1054 1634 corda⁷
1071 1595 1223 1638 pedesque
1239 1601 1352 1626 movet.

670 1651 872 1682 Conclamant
884 1651 1006 1688 Franci,
1025 1651 1067 1682 sic
1083 1657 1195 1682 terram
1210 1650 1311 1681 Vasco
1327 1651 1466 1693 requirit,

713 1713 730 1724 ‘⁴
748 1707 784 1737 In
801 1718 862 1749 quo
878 1707 979 1738 Vasco
991 1707 1075 1748 jaces
1090 1707 1168 1738 liber
1182 1706 1294 1737 habeto
1310 1706 1437 1737 solum.''

672 1762 740 1793 lliis
755 1762 920 1794 invectivis
934 1763 1053 1793 animos
1068 1774 1136 1805 pars
1152 1769 1280 1804 utraque
1295 1762 1399 1799 sumit,

716 1818 757 1848 Et
772 1830 850 1860 gyro
866 1818 993 1860 stringit
1009 1818 1155 1849 interiore
1171 1817 1272 1860 pedes.

674 1874 867 1904 Alternando
883 1874 985 1905 locum
1001 1873 1058 1904 sibi
1074 1873 1200 1912 cedunt,
1213 1885 1297 1904 nunc
1312 1873 1507 1905 retrocedunt

718 1929 783 1967 Isti,
800 1941 885 1961 nunc
900 1929 957 1968 illi,
975 1929 1227 1972 conveniuntque
1243 1929 1309 1960 sibi.

674 1985 922 2016 t'oinmiscentur
937 1985 981 2016 ibi
997 1985 1084 2016 dolor
1099 1992 1129 2016 et
1145 1985 1255 2027 pudor,
1272 1984 1311 2015 ad
1327 1996 1410 2016 mare
1425 1991 1541 2027 spectat-

719 2041 882 2084 Anglicus,
900 2040 938 2071 ad
955 2040 1087 2071 fluvium
1105 2040 1224 2071 lumina
1240 2040 1345 2072 Gallus
1360 2040 1462 2072 habet.

678 2102 759 2136 Quos
773 2097 856 2128 Deus
872 2097 904 2127 in
914 2108 1023 2139 campo
1034 2097 1141 2134 salvat,
1158 2096 1294 2139 disponit
1308 2103 1344 2127 ut
1359 2096 1405 2126 illi

722 2153 757 2183 ln
776 2152 903 2183 Parthos
920 2159 1042 2183 vertant
1057 2159 1165 2183 martla
1181 2152 1269 2195 signa
1284 2152 1391 2183 crucis.

682 2209 717 2238 In
734 2220 817 2239 mare
834 2208 992 2240 descendit
1007 2208 1071 2239 illic
1086 2207 1228 2240 Chirinta
1243 2207 1462 2250 propinquum⁷

724 2264 764 2294 Et
778 2270 920 2306 properat
936 2263 1005 2294 latis
1020 2263 1209 2306 impetuosus
1224 2262 1324 2305 aquis;

681 2319 774 2350 Hunc
790 2319 921 2350 fluvium
938 2325 1044 2350 contra
1059 2325 1182 2362 treugas
1197 2318 1335 2349 ardentia
1349 2318 1437 2361 signa

723 2375 841 2406 Gallica
856 2374 1049 2413 transierant,
1066 2374 1172 2406 martis
1187 2385 1289 2405 amore
1306 2373 1369 2405 feri.
