2105 2871
237 2194 293 2221 UDe
304 2192 388 2214 studiis
399 2192 527 2220 primorum

237 2227 362 2248 artificum⁴
376 2228 398 2246 et
411 2225 439 2246 de
452 2224 510 2245 lucri

237 2266 315 2281 cansa.

878 436 1078 462 JOHANNIS
1096 436 1149 461 DE
1169 436 1406 461 GARLANDIA

631 519 774 550 Pluribus
790 519 941 561 exemplis
957 519 1054 561 igitur
1070 525 1256 550 nocumenta
1272 525 1443 561 patescunt,

675 576 730 606 Est
745 587 887 617 oppressa
902 575 1014 617 quibus
1030 581 1110 606 terra
1125 575 1214 606 beata
1233 575 1326 617 Syon.

632 632 663 662 Si
679 643 765 673 reges
782 638 900 661 nostros
915 631 1078 661 concordia
1094 643 1166 661 vera
1181 631 1302 673 ligaret,

674 686 797 717 Christo
813 692 955 717 curvaret
973 686 1062 716 India
1078 692 1142 716 tota
1158 698 1250 729 genu.

632 742 712 773 Ense
730 741 942 772 Macholnetus
958 747 1136 779 meteretur,
1153 748 1194 779 te,
1212 742 1343 779 Dionisi⁷

675 797 829 829 Chaldeus
845 797 958 828 coleret
975 796 1252 839 Angligenamque
1270 797 1432 828 Thomam.

634 854 714 884 Aere
731 854 786 883 sub
803 853 906 895 gelido
922 853 1021 883 virtus
1036 852 1154 883 inclusa
1171 853 1285 883 solutos

676 909 767 939 AEstu
784 908 929 948 dejiceret
944 907 1044 938 caruis
1059 919 1163 938 amore
1178 919 1283 949 vagos.

634 965 699 996 Uni
716 972 813 1007 nupta
830 964 896 994 viro
914 963 991 994 foret
1006 975 1078 1000 una,
1096 963 1149 994 scd
1165 969 1210 993 est
1225 963 1310 1005 prior
1324 963 1390 994 illic

678 1022 719 1052 Et
735 1021 843 1052 melior
858 1021 961 1063 plures
977 1020 1001 1050 si
1018 1020 1086 1062 quis
1101 1019 1215 1050 habere
1231 1025 1340 1062 potest.

635 1079 746 1121 Turpis
762 1085 793 1109 et
808 1077 921 1108 infelix
937 1077 1035 1119 elegia
1051 1077 1173 1108 cederet
1188 1076 1256 1114 ista,

679 1134 710 1165 Si
727 1146 788 1176 pax
804 1133 947 1164 occiduas
962 1139 1098 1163 necteret
1114 1139 1197 1163 arcta
1212 1132 1326 1174 plagas.

634 1191 771 1223 Gentiles
787 1191 932 1221 caderent
948 1196 1117 1220 mactantes
1132 1189 1224 1220 bruta
1239 1189 1381 1231 planetiS‚

678 1247 794 1277 Dantes
811 1246 891 1277 (lona
908 1246 973 1276 (leis
989 1245 1065 1276 (litia
1082 1245 1184 1276 (landa
1201 1245 1276 1276 Deo.

635 1304 785 1335 Oecasuni
802 1303 873 1334 solis
891 1302 973 1340 Indi,
994 1302 1139 1344 Scotique
1157 1302 1300 1332 viderent

679 1360 801 1396 Ortum⁷
819 1371 895 1401 quos
911 1359 1010 1389 varios
1026 1358 1156 1389 ultimus
1172 1358 1255 1389 orbis
1271 1358 1372 1389 habet.

637 1420 710 1456 Qum
726 1416 832 1458 regina
849 1415 907 1446 suit
926 1415 1103 1457 Hybernica
1118 1414 1245 1445 nomine
1265 1415 1355 1446 Seota

683 1472 804 1503 Saxosis
820 1471 928 1502 statuit
947 1471 1066 1502 Scotica
1082 1482 1177 1512 regna
1193 1471 1283 1508 loe-is3

639 1527 700 1558 Sed
716 1527 800 1569 prius
818 1527 957 1557 Albanos
976 1526 1055 1557 Picti
1072 1526 1184 1564 vicere,
1203 1526 1326 1568 subegit

684 1582 803 1614 Scotica
819 1593 895 1624 gens
912 1582 1024 1619 Pictos,
1042 1581 1227 1623 excidioque
1244 1581 1340 1612 dedit.

641 1640 736 1670 Indus
752 1639 790 1669 ad
808 1639 967 1670 Andrean]
984 1650 1123 1680 peregre,
1144 1638 1314 1680 Scotusque
1330 1638 1450 1669 veniret

684 1695 736 1726 Ad
754 1695 918 1732 Thomam,
936 1695 1023 1736 cujus
1040 1694 1130 1725 India
1147 1694 1263 1736 templa
1279 1694 1362 1725 colit.

644 1752 764 1783 Naturae
780 1758 876 1782 metas
894 1751 993 1782 Lucas
1008 1750 1245 1781 mathematicus
1263 1750 1359 1788 Indis,

684 1808 727 1838 Et
742 1808 862 1838 coeleste
878 1807 964 1849 logos
981 1807 1156 1838 enuclearet
1173 1806 1264 1837 Abel.

642 1863 757 1894 Vinces
773 1863 938 1900 credendo,
956 1862 1108 1901 faciendo,
1124 1862 1289 1905 precando,
1306 1861 1417 1900 fidelis,

686 1919 719 1950 Si
735 1926 838 1950 tamen
856 1919 994 1950 assiduus
1010 1919 1042 1949 111
1060 1919 1157 1949 tribus
1173 1930 1235 1949 esse
1251 1918 1339 1949 velis.

644 1977 703 2007 scd
720 1988 805 2018 reges
822 1982 940 2006 nostros
956 1975 1060 2006 turbat
1076 1975 1238 2012 discordia,
1255 1974 1341 2005 saevit

688 2032 852 2063 Sarraeena
868 2043 987 2069 manus,
1005 2031 1226 2073 ecclesiamque
1242 2030 1364 2073 premit.

646 2089 744 2131 Reges
760 2088 852 2118 inviti
869 2094 1022 2130 pugnant,
1039 2088 1092 2118 scd
1108 2088 1189 2119 bella
1205 2087 1333 2130 profano

688 2144 824 2175 Consilio
840 2144 966 2186 quidam
983 2144 1067 2174 lucra
1082 2143 1238 2185 sequendo
1255 2150 1392 2173 movent.

647 2200 738 2230 Lucri
754 2211 925 2241 proponam
941 2211 1055 2237 causas,
1072 2200 1283 2241 scelerumque
1299 2198 1415 2240 priores

687 2257 851 2294 Auetores,
869 2256 987 2298 eupiclae
1003 2256 1116 2287 mentis
1131 2256 1170 2286 ad
1186 2256 1247 2286 alta
1263 2255 1355 2286 sitim.

644 2312 758 2342 Lamee
774 2312 906 2342 lentator
921 2324 1008 2342 are-us
1024 2312 1190 2354 celerisque
1207 2311 1326 2354 sagittae

690 2368 800 2399 Erexit
816 2369 931 2399 1111501ἐο
947 2368 1130 2411 perditionis
1151 2379 1237 2399 onus.
