2105 2871
579 400 630 426 DE
649 401 871 426 TRIUMPHIS
890 401 1085 426 ECCLESIAE
1105 401 1218 426 LIBRI
1236 401 1339 426 OCTO.

460 483 602 514 Sanctam
619 483 759 515 tellurem
776 494 867 524 quani
883 482 995 524 polluit
1011 482 1074 524 ipse
1087 483 1249 524 relinquet,

498 538 538 568 Et
554 538 676 569 dabitur
691 538 782 569 tellus
798 538 892 568 libera
907 534 971 568 to'ta
987 538 1078 569 cruci.

454 593 627 625 Constantis
642 594 715 624 fidei
734 593 927 624 Ludovicum
943 594 1040 625 salvat
1056 594 1206 632 honestas,

499 649 540 680 Et
554 650 634 680 vivit
649 649 766 680 meritis
781 649 918 680 maxima
933 650 1022 680 turba
1038 650 1107 680 suis.

418 712 427 715 ⁷
456 705 492 735 ln
509 705 584 736 ooelo
600 713 738 747 terraque
754 705 842 747 probi
858 705 966 736 vixere
981 717 1034 748 per
1050 706 1149 743 illum,

498 762 567 791 Sors
583 760 691 791 mundi
707 760 847 802 quamvis
862 772 966 803 aspera
981 761 1089 803 pressit
1104 773 1164 793 eos.

454 816 489 846 In
505 816 595 847 coelos
610 828 737 847 messem
754 816 867 848 Christi
884 817 1025 847 messoria
1040 817 1123 848 misit

499 872 675 910 Massoram,
691 872 743 903 sed
760 884 827 903 eam
843 872 922 903 fama
939 884 1046 903 sonora
1062 873 1162 904 refert.

453 927 550 959 Massa
566 928 637 959 mali
654 927 765 959 format
782 928 958 966 Massoram,
971 928 1079 959 villula
1095 929 1164 959 vilis

496 984 542 1015 Sit
558 984 628 1015 licet
644 984 717 1021 haec,
732 984 848 1015 facinus
864 996 954 1015 omne
969 984 1105 1027 maligna
1121 985 1199 1016 facit*

453 1040 541 1078 Quod
557 1052 611 1070 nos
626 1040 784 1071 deficimus
800 1039 916 1070 faciunt
931 1040 1071 1082 contagia
1089 1041 1194 1083 culpae,

496 1094 655 1125 Victorem
672 1095 771 1125 virtus
787 1094 825 1124 ad
842 1094 904 1125 fera
920 1094 997 1125 bella
1014 1094 1095 1126 facit.

453 1150 552 1181 Nemo
567 1162 678 1192 negare
694 1150 795 1181 Deum
811 1150 853 1180 sic
869 1157 921 1181 aut
936 1150 977 1181 sic
993 1151 1107 1193 cogitet
1123 1163 1268 1193 unquam,

495 1207 637 1249 Corporis
653 1219 687 1238 ac
702 1206 810 1237 animae
825 1218 905 1236 mors
921 1206 979 1237 erit
993 1206 1050 1237 iste
1070 1207 1162 1237 furor.

453 1263 479 1293 Ο
495 1263 592 1300 dolor,
610 1275 627 1293 ο
644 1263 804 1305 plusquam
821 1262 918 1299 dolor,
937 1273 954 1292 o
970 1274 1051 1293 mors
1066 1262 1167 1300 anxia,
1184 1274 1236 1304 per
1254 1275 1344 1305 quam

495 1319 575 1349 Cum
591 1319 733 1360 lacrymis
749 1318 849 1361 elegos
861 1318 944 1359 justa
960 1318 1081 1360 querela
1097 1326 1200 1349 movet
1216 1317 1222 1349 Ι

452 1375 646 1405 Conveniens
661 1381 759 1405 metro
774 1374 883 1404 titulus
898 1374 976 1404 bene
992 1380 1137 1404 consonat
1152 1373 1221 1404 altis

497 1430 682 1468 Planctibus,
699 1429 832 1460 extimui
847 1440 909 1459 non
925 1435 1027 1459 tamen
1043 1429 1099 1459 ista
1115 1429 1205 1466 mala,

452 1485 540 1523 Quod
556 1496 610 1515 rex
625 1484 778 1520 deficeret,
795 1485 877 1526 quod
887 1485 939 1526 jus
955 1484 1160 1521 descenderet,
1177 1491 1207 1515 et
1222 1485 1302 1526 quod

494 1540 689 1582 Opprimeret
704 1539 844 1581 Babylon
859 1539 965 1570 inclita
981 1540 1068 1581 signa
1084 1541 1190 1571 crucis¹

450 1595 521 1626 Non
537 1596 579 1625 sic
595 1594 723 1625 coelestis
738 1594 816 1625 ratio
831 1594 1017 1625 determinat
1031 1607 1131 1626 arcam

492 1650 524 1680 A
538 1649 673 1692 reprobis
687 1649 809 1680 modico
824 1655 884 1680 tem
890 1661 962 1691 pore
976 1661 1059 1692 passa
1076 1651 1152 1694 capi.

451 1702 571 1734 Goliam
587 1709 689 1745 pastor
704 1702 779 1733 vicit
794 1714 880 1745 puer,
898 1715 916 1735 a
932 1704 1099 1747 Babylonis

493 1759 586 1789 Israel
601 1759 722 1790 exeruit
738 1758 832 1790 libera
848 1759 925 1790 colla
937 1760 1024 1803 jugo.

452 1813 595 1844 Ecclesiae
610 1813 690 1844 vires
705 1821 799 1856 auget
814 1826 869 1844 rex
887 1815 1050 1857 Anglieus,
1067 1823 1098 1847 et
1114 1828 1169 1848 rex

493 1868 667 1911 Hyspanus,
683 1869 775 1900 robur
791 1870 927 1912 undique
943 1877 1044 1902 turma
1059 1880 1167 1910 novat3

449 1924 626 1966 Deposcunt
641 1924 715 1955 alios
730 1924 853 1955 illorum
868 1933 953 1968 gesta
968 1933 1081 1968 poetas,

492 1982 552 2020 Qui
568 1982 690 2023 quando
706 1988 825 2024 tempus
841 1983 962 2014 venerit
978 1983 1030 2015 illa
1046 1991 1166 2015 canant.

450 2037 551 2067 Dante
568 2036 634 2067 Deo
650 2037 728 2067 vivit
743 2049 797 2068 rex
814 2049 867 2080 per
882 2038 1030 2070 miracula
1045 2051 1145 2077 sanus,

491 2092 578 2123 Bello
593 2104 659 2134 quae
671 2093 752 2135 cepit
768 2093 879 2124 moenia
895 2105 969 2136 pace
984 2094 1079 2126 dedit.

450 2149 504 2179 Est
519 2148 588 2179 talis
598 2149 718 2189 jactura
733 2149 819 2187 levis,
835 2150 957 2181 fortuna
972 2150 1109 2181 movebit

491 2204 625 2235 Justitiae
641 2215 753 2242 causas,
769 2217 825 2236 rex
840 2205 951 2247 quibus
966 2206 1048 2237 ultor
1063 2207 1130 2237 erit.

449 2260 546 2291 Muris
561 2260 697 2291 munivit
712 2260 800 2302 pulso
815 2261 923 2303 procul
937 2261 1024 2292 hoste
1039 2262 1181 2293 refertam

491 2315 607 2347 Urbem
624 2316 799 2354 Caesaream,
815 2316 923 2354 milite,
940 2316 1028 2355 farre,
1043 2329 1135 2349 mero.

927 2384 944 2404 T
960 2376 978 2404 2

1477 393 1548 426 139
