2105 2871
264 761 318 785 Ζινιῑ

255 1877 310 1897 ιω

552 401 604 426 DE
624 401 850 426 TRIUMPHIS
869 401 1066 426 ECCLESIAE
1085 401 1200 426 LIBRI
1218 400 1324 426 OCTO.

419 482 538 526 Anglia
554 495 645 525 quem
662 483 793 514 calicum
810 483 961 514 thesauris
977 489 1042 514 tota
1058 495 1211 514 sacrorum

462 538 548 569 Ante
562 538 705 574 redemit,
722 550 792 569 eum
808 538 935 581 perdere
951 545 1049 570 morte
1066 539 1159 570 dolet.

418 594 552 625 Centum
569 594 654 624 mille
671 593 758 625 dedit
774 593 914 625 marchas
930 601 961 625 et
976 594 1062 625 mille
1079 594 1230 625 Ricardus

462 649 525 681 Sex
541 650 652 687 decies,
669 650 780 681 redimi
796 657 938 681 mortuus
953 662 1011 682 aere
1026 651 1144 693 nequit.

417 705 516 736 Mirus
531 704 692 736 thesaurus
707 705 854 736 inventus
870 705 903 736 in
919 717 987 736 arce
1005 705 1134 737 Caluchi

462 761 556 792 Hune
571 761 688 799 domat,
705 773 745 792 ex
761 773 835 792 auro
851 761 962 800 cultor,
978 768 1088 799 aratra,
1105 762 1207 793 boves.

418 816 514 848 Hunc
529 817 603 848 dum
621 817 799 848 thesaurum
815 829 871 848 rex
887 817 998 860 exigit,
1015 825 1045 848 et
1062 818 1155 849 breve
1171 824 1303 848 castrum

462 872 601 911 Obsidet‚
618 880 649 904 et
665 879 780 904 turmas
796 873 829 904 in
846 873 977 904 statione
992 874 1085 911 locat,

418 929 508 960 Heu!
532 929 667 960 facinus!
683 930 824 972 proprius
839 929 927 960 miles
944 929 1076 960 Basilius
1091 929 1181 960 illum

461 985 538 1016 Telo
553 986 760 1028 consequitur,
778 986 860 1016 visus
876 985 914 1016 ab
929 997 997 1016 aree
1013 985 1130 1027 procul.

418 1040 500 1071 Arce
515 1048 620 1072 tamen
637 1048 724 1084 capta
741 1041 875 1072 moriens
891 1053 944 1072 sua
959 1053 1054 1083 regna
1071 1040 1211 1072 Johanui

461 1097 615 1135 Tradidit,
633 1104 663 1127 at
679 1097 753 1128 felix
770 1109 833 1128 non
850 1097 936 1128 dedit
952 1109 1043 1128 omen
1060 1097 1098 1128 ei.

418 1152 595 1195 Anglorum
612 1164 708 1195 regno
724 1160 888 1184 contentus
902 1160 1009 1184 caetera
1025 1153 1118 1195 liquit

460 1208 569 1239 Gentis
584 1208 690 1239 fraude
707 1209 794 1246 lovis,
812 1221 925 1251 magne
944 1208 1098 1251 Philippo,
1116 1209 1183 1240 tibi.

417 1264 556 1295 Fratrem
573 1264 598 1295 si
614 1264 715 1296 fratris
730 1265 858 1296 audacia
874 1265 972 1296 fausta
988 1265 1116 1303 beasset,

460 1320 531 1351 Non
548 1332 600 1351 sua
615 1326 695 1351 terra
711 1320 789 1350 dolis
804 1320 1002 1363 apocopanda
1019 1321 1105 1351 foret.

418 1376 547 1407 Inclitus
563 1383 594 1407 at
609 1376 698 1407 miles
714 1376 823 1413 fuerat,
842 1376 973 1407 Mirabel
990 1376 1100 1418 probat
1116 1376 1206 1413 illud,

460 1432 554 1474 Regis
569 1432 623 1463 ubi
640 1440 737 1462 mater
754 1432 903 1463 Alienora
920 1432 987 1463 fuit.

418 1488 486 1519 Illic
502 1487 660 1518 Arthurus
676 1488 777 1518 aviam
793 1487 1009 1525 circumdedit,
1026 1494 1057 1518 et
1072 1499 1128 1518 rcx

458 1543 663 1574 Circumdans
679 1543 768 1577 illum
785 1543 909 1585 praemia
925 1543 1018 1574 solvit
1034 1543 1072 1574 ei.

418 1599 509 1630 Mons
525 1599 667 1630 Albanus
683 1611 753 1630 eum
771 1599 909 1636 tremuit,
927 1598 999 1640 quia
1016 1598 1156 1629 Vascone
1173 1598 1272 1630 multo

458 1655 521 1685 Hic
537 1661 637 1698 capto,
654 1655 765 1685 vinclis
782 1654 871 1685 fortia
888 1654 964 1685 eolla
981 1654 1076 1684 dedit.

416 1711 538 1742 Evertit
553 1723 679 1742 nemora
695 1710 788 1741 variis
804 1710 983 1752 Hybernica
998 1710 1096 1748 bellis,

458 1767 512 1798 Ad
527 1767 624 1809 stygis
640 1766 785 1797 introitus
800 1765 992 1808 perniciique
1009 1765 1102 1797 lacus.

417 1824 555 1865 Purgant
570 1829 606 1853 ut
622 1823 731 1853 dicunt
747 1821 799 1852 hio
814 1821 993 1863 purgatoria
1010 1821 1108 1859 vivos,

460 1879 493 1910 Si
508 1879 569 1909 sint
585 1878 739 1909 constanti
756 1884 879 1919 pectora
895 1876 957 1907 fixa
974 1876 1043 1908 fide.

415 1935 545 1966 Viribus
561 1934 693 1966 ecclesiae
711 1934 857 1964 Romana}
874 1933 965 1963 fortia
982 1933 1062 1964 bella

460 1989 609 2022 Submisit
625 1989 755 2032 pedibus
770 1989 959 2031 prsecipitata
976 1989 1048 2019 suis.

416 2045 554 2077 Effectus
568 2045 664 2076 laicus
679 2045 739 2076 fuit
755 2045 806 2076 hic
822 2044 855 2075 in
870 2051 1010 2087 tempore
1027 2044 1135 2075 doctor

459 2103 601 2141 Oxoniae,
618 2102 723 2145 viguit
738 2102 876 2133 sensibus
892 2101 956 2144 ipse
972 2108 1086 2132 tamen.

415 2159 510 2190 Omni
525 2158 663 2189 litterula
678 2158 827 2200 privatus,
845 2157 936 2188 scivit
952 2164 983 2188 et
998 2157 1058 2188 ivit

456 2214 503 2246 Ut
518 2214 624 2251 laicus,
641 2226 707 2246 sero
724 2214 772 2244 vir
790 2213 887 2251 Plato,
904 2225 995 2244 mane
1010 2212 1104 2243 rudis.

414 2269 475 2301 Hic
492 2269 529 2301 de
548 2269 719 2301 Londoniis
738 2270 848 2307 fuerat,
865 2269 1023 2311 dictusqus
1040 2269 1062 2299 J
1065 2268 1213 2307 ohannes,

457 2325 661 2368 Philosophos
672 2325 785 2366 juveni
801 2325 918 2367 legerat
934 2331 1005 2356 ante
1023 2325 1112 2355 mihi.
