2105 2871
1601 308 1620 324 ›-

524 319 576 344 DE
595 320 820 345 TRIUMPIIIS
840 320 1036 345 ECCLESIAE
1056 320 1169 345 LIBRI
1188 320 1292 345 OCTO.
1574 311 1617 345 9(

183 412 256 430 vum
272 400 475 443 philosophiae
497 401 681 432 militantem
700 402 785 432 nulla
803 402 939 432 detineat
958 402 1130 439 Deidamia,
1153 403 1227 444 quin
1245 403 1372 433 alteram
1390 402 1479 433 adeat
1504 402 1628 442 Trojam

183 455 220 485 ‹le
236 467 296 497 qua
312 456 355 487 sic
370 456 481 487 iterum
498 464 599 499 posset
615 457 715 488 dicere
735 457 850 487 Statius
867 457 1070 494 Tholosanus,

502 525 595 552 Omnis
609 525 692 551 honos
707 524 770 555 illic,
785 524 839 551 illie
853 524 974 559 ingentia
987 529 1093 551 certant

504 573 639 603 Nomina;
653 573 699 598 vix
715 572 815 598 timidae
829 578 936 605 matres,
951 578 999 599 aut
1013 574 1119 607 agmina
1132 578 1237 599 cessant

507 621 653 655 Virginem
667 621 710 647 hic
724 621 840 648 multum
854 622 958 648 steriles
972 623 1114 648 damnatus
1128 622 1154 647 in
1169 631 1260 653 annos,

500 669 664 704 Invisusquc
678 669 747 699 Deo,
760 669 780 695 si
795 678 875 704 quem
890 670 945 695 haec
960 679 1027 695 nova
1042 669 1127 704 gloria
1141 679 1248 704 segnem

500 716 636 742 Praeterit.

185 764 300 795 Induat
330 764 428 807 igitur
467 765 597 807 quilibet
634 765 747 807 probus
780 765 953 796 animosum
987 765 1155 802 Achillem,
1186 777 1225 796 ne
1250 765 1449 796 meticulosus
1476 764 1630 795 Thersites

183 827 315 863 occupet
345 821 467 852 laurum
496 821 675 863 promissam
706 821 797 862 Ajaci
822 823 1033 863 magnanimo,
1065 829 1100 853 ut
1130 822 1237 853 saltem
1266 822 1344 852 bello
1376 821 1464 852 finito
1491 821 1626 852 studium

183 876 385 907 militantium
399 883 430 907 et
440 876 576 907 studium
590 876 875 919 philosophantium
889 877 1075 913 admiretur-3
1090 884 1120 908 et
1136 884 1171 908 ut
1187 877 1333 908 libentius
1347 877 1485 908 Tholosae
1498 877 1627 919 gloriam

181 932 272 963 simul
289 944 359 963 eum
383 932 485 963 studio
501 933 630 963 studiosi
654 932 825 970 dinoscunt,
842 933 940 964 sciant
955 933 1033 964 hanc
1050 934 1177 964 alteram
1195 946 1257 965 esse
1282 940 1392 964 terram
1420 933 1630 976 promissionis

181 987 329 1019 fluentem
346 988 393 1019 lac
408 995 439 1019 et
455 988 531 1025 mel;
548 988 602 1019 ubi
625 988 737 1019 foetosae
752 1000 869 1031 paseuae
886 989 998 1027 virent,
1016 989 1068 1019 ubi
1093 990 1214 1020 arbores
1237 989 1393 1032 pomiferae
1410 989 1564 1026 frondent,
1576 989 1628 1019 ubi

183 1043 321 1074 Bacchus
343 1052 453 1086 regnat
475 1044 507 1074 111
525 1044 634 1081 vineis,
652 1044 705 1074 ubi
730 1044 819 1075 Ceres
836 1044 968 1087 imperat
986 1045 1018 1075 in
1040 1045 1130 1081 arvis,
1155 1045 1209 1075 ubi
1225 1051 1412 1087 temperatus
1428 1056 1479 1075 aer
1494 1044 1629 1086 antiquis

181 1100 373 1142 philosophis
390 1100 488 1131 fuerat
512 1100 710 1131 consideratis
734 1107 819 1132 terrae
842 1101 947 1131 stadiis
971 1101 1156 1143 praeeleetus.
1204 1100 1230 1131 O
1251 1112 1343 1143 quam
1367 1100 1628 1142 incomprehensi-

180 1156 255 1187 bilia
264 1163 336 1187 sunt
352 1157 572 1199 omnipotentis
589 1156 648 1187 Dei
673 1157 845 1199 magnalia!
885 1157 946 1188 Hic
962 1164 1007 1188 est
1022 1169 1094 1200 pax,
1112 1157 1186 1188 alibi
1200 1164 1265 1188 toto
1283 1157 1366 1188 Mars
1381 1157 1466 1188 saevit
1489 1157 1521 1187 in
1546 1157 1626 1188 orbe.

184 1213 244 1244 Sed
268 1213 402 1244 Martem
427 1213 511 1256 prius
528 1220 559 1244 et
581 1220 712 1245 mortem
730 1214 814 1244 100115
830 1214 887 1245 iste
902 1214 1028 1256 recepit.
1077 1214 1224 1245 Praeterea
1248 1226 1286 1245 ne
1310 1214 1430 1256 ligones
1453 1213 1492 1244 ad
1511 1213 1628 1245 steriles

138 1308 140 1310 v
180 1276 212 1300 et
242 1269 376 1300 incultos
404 1269 548 1300 deferatis
577 1281 677 1311 agros,
706 1269 802 1306 vobis,
828 1269 968 1312 magistri
1001 1269 1140 1300 Tholoste
1171 1270 1318 1312 legentes,
1347 1270 1476 1301 tribulos
1506 1270 1627 1312 plebaeae

179 1326 320 1357 ruditatis
343 1332 374 1357 et
396 1326 497 1368 spinas
513 1337 623 1368 aspera:
639 1326 807 1357 sterilitatis
830 1333 996 1368 caeteraque
1019 1333 1217 1358 removerunt
1241 1327 1404 1358 obstacula.
1453 1326 1516 1358 Hic
1539 1327 1622 1357 enim

181 1381 333 1424 Theologi
357 1381 523 1424 discipulos
538 1382 570 1412 in
587 1382 716 1424 pulpitis
734 1388 764 1412 et
788 1382 918 1424 populos
935 1382 967 1412 in
984 1382 1127 1424 compitis
1143 1382 1322 1420 informant,
1339 1383 1433 1425 logici
1449 1383 1626 1414 liberalibus

179 1437 212 1468 in
228 1437 344 1468 artibus
359 1444 483 1479 tyrones
501 1437 670 1468 Aristotilis
683 1438 857 1475 eruderant,
870 1438 1065 1480 grammatici
1082 1438 1322 1469 balbutientium
1336 1438 1458 1481 linguas
1474 1439 1506 1469 in
1523 1439 1625 1469 analo-

178 1493 262 1535 giam
285 1493 435 1535 effigiant,
460 1493 620 1535 organistae
642 1493 804 1536 populares
827 1505 913 1524 aures
936 1493 1046 1524 melliti
1069 1493 1205 1535 gutturis
1221 1505 1336 1536 organo
1360 1493 1548 1532 demulcent,
1573 1494 1624 1525 (le-

177 1549 306 1580 cretistae
330 1549 542 1580 ‹Justinianum
567 1549 733 1586 extollunt,
750 1556 781 1580 et
804 1561 821 1579 a
837 1549 930 1580 latere
953 1549 1066 1580 medici
1090 1549 1258 1591 praedicant
1283 1549 1457 1581 Galienum.
1515 1550 1624 1581 Libros

178 1605 340 1643 naturales,
365 1605 418 1647 qui
435 1605 555 1636 fuerant
580 1605 713 1636 Parisius
736 1604 897 1647 prohibiti,
914 1612 1060 1647 poterunt
1083 1605 1147 1637 illic
1174 1606 1279 1636 audire
1303 1606 1357 1648 qui
1380 1606 1491 1637 volunt
1507 1614 1624 1637 naturae

177 1661 279 1691 sinum
306 1660 486 1692 medullitus
510 1661 702 1703 perscrutari.
759 1661 841 1700 Quid
869 1661 967 1692 deerit
992 1662 1079 1692 vobis
1104 1661 1222 1704 igitur?
1281 1662 1419 1693 Libertas
1446 1662 1624 1693 scolastica?

179 1716 392 1759 Nequaquam,
409 1716 481 1759 quia
497 1717 612 1747 nullius
629 1717 756 1748 habenis
772 1717 881 1755 dediti,
898 1717 1021 1759 propria
1045 1717 1219 1760 gaudebitis
1235 1718 1384 1749 libertate.
1431 1718 1485 1748 An
1506 1718 1622 1749 timetis

177 1772 325 1803 malitiam
349 1772 456 1815 populi
479 1773 640 1810 saevientis,
659 1773 707 1803 vel
729 1773 924 1814 tyrannidem
942 1773 1089 1815 principis
1113 1773 1275 1814 injuriosi?
1321 1774 1368 1804 Ne
1384 1773 1532 1811 timeatis;
1550 1774 1622 1816 quia

176 1828 297 1859 comitis
310 1827 476 1859 Tholosani
492 1828 656 1859 liberalitas
672 1829 760 1859 nobis
772 1828 974 1859 sufficientem
993 1828 1065 1859 fecit
1077 1829 1282 1866 securitatem,
1300 1836 1330 1860 et
1343 1829 1380 1860 de
1397 1830 1505 1860 salario
1517 1836 1620 1861 nostro

177 1895 207 1918 et
223 1887 260 1919 de
276 1887 479 1919 servientibus
494 1888 605 1918 nostris
622 1888 786 1919 Tholosam
804 1888 1000 1918 venientibus
1016 1894 1047 1918 et
1062 1888 1272 1919 redeuntibus.
1320 1889 1408 1927 Quod
1420 1889 1444 1919 si
1454 1889 1619 1920 detrimen-

176 1951 242 1974 tum
259 1955 362 1974 rerum
385 1955 508 1974 suarum
532 1943 687 1986 patiantur
716 1955 770 1986 per
792 1955 901 1974 manus
922 1944 1101 1986 praedonum
1126 1944 1159 1974 111
1175 1944 1314 1975 dominio
1330 1945 1461 1982 comitis,
1478 1945 1619 1976 malefac-

177 2006 256 2031 tores
271 2006 389 2030 nostros
405 2000 442 2030 ad
459 2000 697 2031 satisfactionem
714 2007 860 2042 tanquam
878 2012 933 2042 pro
951 1999 1133 2030 Tholosanis
1150 1999 1269 2030 civibus
1285 2011 1339 2041 per
1355 2000 1434 2031 vires
1451 2000 1618 2032 Tholosani

176 2055 313 2098 capitolii
329 2062 535 2098 persequetur.
584 2056 740 2088 Praedictis
763 2056 863 2087 adhuc
887 2056 1061 2097 adjicimus,
1079 2056 1161 2097 quod
1177 2055 1256 2086 sicut
1279 2068 1435 2098 speramus
1458 2057 1617 2095 veraciter⁷

177 2111 320 2142 dominus
335 2111 453 2153 legatus
470 2111 629 2154 theologos
645 2118 675 2143 et
692 2112 867 2143 decretistas
884 2112 958 2142 alios
974 2111 1074 2142 adhue
1098 2112 1261 2142 advocabit
1283 2112 1321 2142 ad
1332 2113 1615 2154 augmentationem

175 2168 280 2205 studii,
292 2176 412 2209 tempus
422 2169 501 2210 quod
521 2168 739 2200 determinabit
751 2181 804 2211 per
821 2169 903 2210 quod
916 2175 1055 2210 oporteat
1065 2168 1214 2199 scholares
1223 2168 1361 2200 'l'liolosae
1378 2177 1502 2211 propter
1516 2170 1617 2200 indul-

174 2224 311 2266 gentiam
336 2225 528 2258 commorari,
546 2225 569 2255 si
593 2237 707 2255 moram
728 2225 849 2255 11101111ιί
873 2237 931 2255 non
955 2225 1114 2266 impediat„
1131 2225 1213 2267 quwl
1232 2225 1314 2256 Deus
1331 2232 1461 2263 avertat,
1477 2226 1526 2257 ille
1544 2239 1615 2269 pias

883 2294 900 2311 Ο
