<?xml version="1.0" encoding="UTF-8"?>
<!DOCTYPE html PUBLIC "-//W3C//DTD XHTML 1.0 Transitional//EN"
    "http://www.w3.org/TR/xhtml1/DTD/xhtml1-transitional.dtd">
<html xmlns="http://www.w3.org/1999/xhtml" xml:lang="en" lang="en">
 <head>
  <title>
</title>
<meta http-equiv="Content-Type" content="text/html;charset=utf-8" />
  <meta name='ocr-system' content='tesseract 3.04.00' />
  <meta name='ocr-capabilities' content='ocr_page ocr_carea ocr_par ocr_line ocrx_word'/>
</head>
<body>
  <div class='ocr_page' id='page_1' title='image "./johannisdegarlan00johnuoft_0047.png"; bbox 0 0 2105 2871; ppageno 0'>
   <div class='ocr_carea' id='block_1_1' title="bbox 249 1136 313 1159">
    <p class='ocr_par' dir='ltr' id='par_1_1' title="bbox 249 1136 313 1159">
     <span class='ocr_line' id='line_1_1' title="bbox 249 1136 313 1159; baseline 0.031 -5"><span class='ocrx_word' id='word_1_1' title='bbox 249 1136 313 1159; x_wconf 59' lang='grc' dir='ltr'>ἰ’-(ις</span> 
     </span>
    </p>
   </div>
   <div class='ocr_carea' id='block_1_2' title="bbox 238 1696 308 1724">
    <p class='ocr_par' dir='ltr' id='par_1_2' title="bbox 238 1696 308 1724">
     <span class='ocr_line' id='line_1_2' title="bbox 238 1696 308 1724; baseline -0.029 0"><span class='ocrx_word' id='word_1_2' title='bbox 238 1696 308 1724; x_wconf 59' lang='lat'>250</span> 
     </span>
    </p>
   </div>
   <div class='ocr_carea' id='block_1_3' title="bbox 234 2254 291 2280">
    <p class='ocr_par' dir='ltr' id='par_1_3' title="bbox 234 2254 291 2280">
     <span class='ocr_line' id='line_1_3' title="bbox 234 2254 291 2280; baseline 0.018 -1"><span class='ocrx_word' id='word_1_3' title='bbox 234 2254 291 2280; x_wconf 68' lang='lat'>25&gt;</span> 
     </span>
    </p>
   </div>
   <div class='ocr_carea' id='block_1_4' title="bbox 516 433 1266 459">
    <p class='ocr_par' dir='ltr' id='par_1_4' title="bbox 516 433 1266 459">
     <span class='ocr_line' id='line_1_4' title="bbox 516 433 1266 459; baseline 0 -1"><span class='ocrx_word' id='word_1_4' title='bbox 516 434 570 458; x_wconf 85' lang='lat' dir='ltr'>DE</span> <span class='ocrx_word' id='word_1_5' title='bbox 588 433 813 459; x_wconf 77' lang='lat' dir='ltr'><strong>TRIUMPHIS</strong></span> <span class='ocrx_word' id='word_1_6' title='bbox 831 433 1030 459; x_wconf 82' lang='lat' dir='ltr'>ECCLESIAE</span> <span class='ocrx_word' id='word_1_7' title='bbox 1049 433 1164 458; x_wconf 82' lang='lat' dir='ltr'>LIBRI</span> <span class='ocrx_word' id='word_1_8' title='bbox 1183 434 1266 458; x_wconf 79' lang='lat' dir='ltr'><strong>SEX.</strong></span> 
     </span>
    </p>
   </div>
   <div class='ocr_carea' id='block_1_5' title="bbox 377 515 1232 2294">
    <p class='ocr_par' dir='ltr' id='par_1_5' title="bbox 377 515 1232 2294">
     <span class='ocr_line' id='line_1_5' title="bbox 380 515 1088 558; baseline -0.001 -11"><span class='ocrx_word' id='word_1_9' title='bbox 380 516 480 547; x_wconf 82' lang='lat' dir='ltr'>Filius</span> <span class='ocrx_word' id='word_1_10' title='bbox 495 516 580 547; x_wconf 79' lang='lat' dir='ltr'>illius</span> <span class='ocrx_word' id='word_1_11' title='bbox 594 515 710 547; x_wconf 83' lang='lat' dir='ltr'>sermm</span> <span class='ocrx_word' id='word_1_12' title='bbox 725 515 911 558; x_wconf 77' lang='lat' dir='ltr'>variumque</span> <span class='ocrx_word' id='word_1_13' title='bbox 926 516 1088 546; x_wconf 81' lang='lat' dir='ltr'>metallum</span> 
     </span>
     <span class='ocr_line' id='line_1_6' title="bbox 392 571 1050 618; baseline 0 -16"><span class='ocrx_word' id='word_1_14' title='bbox 392 614 405 618; x_wconf 76' lang='lat'>-</span> <span class='ocrx_word' id='word_1_15' title='bbox 425 572 563 603; x_wconf 73' lang='lat' dir='ltr'>Excudit</span> <span class='ocrx_word' id='word_1_16' title='bbox 577 572 695 614; x_wconf 88' lang='lat' dir='ltr'>primus</span> <span class='ocrx_word' id='word_1_17' title='bbox 710 578 742 603; x_wconf 79' lang='lat' dir='ltr'>et</span> <span class='ocrx_word' id='word_1_18' title='bbox 756 571 840 602; x_wconf 85' lang='lat' dir='ltr'>necis</span> <span class='ocrx_word' id='word_1_19' title='bbox 857 583 941 603; x_wconf 85' lang='lat' dir='ltr'>arma</span> <span class='ocrx_word' id='word_1_20' title='bbox 956 571 1050 603; x_wconf 87' lang='lat' dir='ltr'>faber.</span> 
     </span>
     <span class='ocr_line' id='line_1_7' title="bbox 380 628 1110 671; baseline 0.001 -12"><span class='ocrx_word' id='word_1_21' title='bbox 380 629 558 671; x_wconf 80' lang='lat' dir='ltr'>Argentum</span> <span class='ocrx_word' id='word_1_22' title='bbox 574 629 661 660; x_wconf 74' lang='lat' dir='ltr'>coxit</span> <span class='ocrx_word' id='word_1_23' title='bbox 675 628 714 659; x_wconf 88' lang='lat' dir='ltr'>de</span> <span class='ocrx_word' id='word_1_24' title='bbox 729 635 820 666; x_wconf 81' lang='lat' dir='ltr'>terra,</span> <span class='ocrx_word' id='word_1_25' title='bbox 837 629 921 660; x_wconf 75' lang='lat' dir='ltr'>coxit</span> <span class='ocrx_word' id='word_1_26' title='bbox 938 635 969 659; x_wconf 86' lang='lat' dir='ltr'>et</span> <span class='ocrx_word' id='word_1_27' title='bbox 989 641 1110 667; x_wconf 86' lang='lat' dir='ltr'>aurum,</span> 
     </span>
     <span class='ocr_line' id='line_1_8' title="bbox 424 684 1154 726; baseline 0.004 -12"><span class='ocrx_word' id='word_1_28' title='bbox 424 684 467 714; x_wconf 77' lang='lat' dir='ltr'>Et</span> <span class='ocrx_word' id='word_1_29' title='bbox 482 684 631 715; x_wconf 86' lang='lat' dir='ltr'>scelerum</span> <span class='ocrx_word' id='word_1_30' title='bbox 647 695 752 715; x_wconf 80' lang='lat' dir='ltr'>causas</span> <span class='ocrx_word' id='word_1_31' title='bbox 767 684 905 726; x_wconf 80' lang='lat' dir='ltr'>sculptor</span> <span class='ocrx_word' id='word_1_32' title='bbox 919 684 953 714; x_wconf 89' lang='lat' dir='ltr'>in</span> <span class='ocrx_word' id='word_1_33' title='bbox 969 684 1041 715; x_wconf 90' lang='lat' dir='ltr'>orbe</span> <span class='ocrx_word' id='word_1_34' title='bbox 1057 685 1154 717; x_wconf 80' lang='lat' dir='ltr'><strong>dedit.</strong></span> 
     </span>
     <span class='ocr_line' id='line_1_9' title="bbox 383 740 1086 783; baseline 0.001 -12"><span class='ocrx_word' id='word_1_35' title='bbox 383 740 487 771; x_wconf 87' lang='lat' dir='ltr'>Primo</span> <span class='ocrx_word' id='word_1_36' title='bbox 503 741 682 783; x_wconf 79' lang='lat' dir='ltr'>cornipedes</span> <span class='ocrx_word' id='word_1_37' title='bbox 699 740 792 772; x_wconf 80' lang='lat' dir='ltr'>Ixion</span> <span class='ocrx_word' id='word_1_38' title='bbox 808 753 864 772; x_wconf 80' lang='lat' dir='ltr'>rex</span> <span class='ocrx_word' id='word_1_39' title='bbox 881 741 1086 782; x_wconf 79' lang='lat' dir='ltr'>Laphitarum</span> 
     </span>
     <span class='ocr_line' id='line_1_10' title="bbox 425 796 1040 840; baseline 0.002 -13"><span class='ocrx_word' id='word_1_40' title='bbox 425 796 588 835; x_wconf 83' lang='lat' dir='ltr'>Edomuit‚</span> <span class='ocrx_word' id='word_1_41' title='bbox 605 797 699 828; x_wconf 88' lang='lat' dir='ltr'>frenis</span> <span class='ocrx_word' id='word_1_42' title='bbox 715 797 846 828; x_wconf 87' lang='lat' dir='ltr'>fortibus</span> <span class='ocrx_word' id='word_1_43' title='bbox 861 809 913 828; x_wconf 87' lang='lat' dir='ltr'>ora</span> <span class='ocrx_word' id='word_1_44' title='bbox 929 797 1040 840; x_wconf 82' lang='lat' dir='ltr'>ligans.</span> 
     </span>
     <span class='ocr_line' id='line_1_11' title="bbox 383 853 1078 891; baseline 0.001 -7"><span class='ocrx_word' id='word_1_45' title='bbox 383 853 504 884; x_wconf 85' lang='lat' dir='ltr'>Primus</span> <span class='ocrx_word' id='word_1_46' title='bbox 521 853 700 885; x_wconf 86' lang='lat' dir='ltr'>Erietonius</span> <span class='ocrx_word' id='word_1_47' title='bbox 715 865 822 885; x_wconf 83' lang='lat' dir='ltr'>currus</span> <span class='ocrx_word' id='word_1_48' title='bbox 837 854 947 891; x_wconf 68' lang='lat' dir='ltr'>erexit,</span> <span class='ocrx_word' id='word_1_49' title='bbox 964 861 1002 885; x_wconf 84' lang='lat' dir='ltr'>ut</span> <span class='ocrx_word' id='word_1_50' title='bbox 1016 854 1078 885; x_wconf 88' lang='lat' dir='ltr'>illis</span> 
     </span>
     <span class='ocr_line' id='line_1_12' title="bbox 426 909 1137 953; baseline 0.001 -13"><span class='ocrx_word' id='word_1_51' title='bbox 426 909 465 941; x_wconf 89' lang='lat' dir='ltr'>Se</span> <span class='ocrx_word' id='word_1_52' title='bbox 479 909 654 952; x_wconf 83' lang='lat' dir='ltr'>podagrum</span> <span class='ocrx_word' id='word_1_53' title='bbox 670 910 784 941; x_wconf 80' lang='lat' dir='ltr'>faceret</span> <span class='ocrx_word' id='word_1_54' title='bbox 800 922 855 952; x_wconf 89' lang='lat' dir='ltr'>per</span> <span class='ocrx_word' id='word_1_55' title='bbox 870 922 923 941; x_wconf 81' lang='lat' dir='ltr'>sua</span> <span class='ocrx_word' id='word_1_56' title='bbox 940 922 1036 953; x_wconf 79' lang='lat' dir='ltr'>regna</span> <span class='ocrx_word' id='word_1_57' title='bbox 1052 910 1137 942; x_wconf 79' lang='lat' dir='ltr'>vehi.</span> 
     </span>
     <span class='ocr_line' id='line_1_13' title="bbox 383 965 1129 1010; baseline 0.003 -14"><span class='ocrx_word' id='word_1_58' title='bbox 383 965 538 997; x_wconf 84' lang='lat' dir='ltr'>Tellurem</span> <span class='ocrx_word' id='word_1_59' title='bbox 558 966 687 1009; x_wconf 79' lang='lat' dir='ltr'>Leleges</span> <span class='ocrx_word' id='word_1_60' title='bbox 702 974 803 998; x_wconf 85' lang='lat' dir='ltr'>aratro</span> <span class='ocrx_word' id='word_1_61' title='bbox 818 979 952 1004; x_wconf 72' lang='lat' dir='ltr'>secuere,</span> <span class='ocrx_word' id='word_1_62' title='bbox 969 974 1129 1010; x_wconf 84' lang='lat' dir='ltr'>ratemque</span> 
     </span>
     <span class='ocr_line' id='line_1_14' title="bbox 427 1022 1048 1066; baseline 0.002 -13"><span class='ocrx_word' id='word_1_63' title='bbox 427 1022 487 1054; x_wconf 86' lang='lat' dir='ltr'>Pro</span> <span class='ocrx_word' id='word_1_64' title='bbox 502 1023 603 1065; x_wconf 84' lang='lat' dir='ltr'>praeda</span> <span class='ocrx_word' id='word_1_65' title='bbox 620 1023 643 1055; x_wconf 82' lang='lat' dir='ltr'><em>J</em></span> <span class='ocrx_word' id='word_1_66' title='bbox 644 1035 717 1054; x_wconf 83' lang='lat' dir='ltr'>ason</span> <span class='ocrx_word' id='word_1_67' title='bbox 733 1035 855 1054; x_wconf 86' lang='lat' dir='ltr'>currere</span> <span class='ocrx_word' id='word_1_68' title='bbox 871 1023 944 1055; x_wconf 84' lang='lat' dir='ltr'>fecit</span> <span class='ocrx_word' id='word_1_69' title='bbox 959 1035 1048 1066; x_wconf 87' lang='lat' dir='ltr'>aqua.</span> 
     </span>
     <span class='ocr_line' id='line_1_15' title="bbox 384 1077 1025 1122; baseline 0.002 -13"><span class='ocrx_word' id='word_1_70' title='bbox 384 1077 533 1110; x_wconf 85' lang='lat' dir='ltr'>Denarios</span> <span class='ocrx_word' id='word_1_71' title='bbox 549 1078 664 1121; x_wconf 86' lang='lat' dir='ltr'>primos</span> <span class='ocrx_word' id='word_1_72' title='bbox 679 1079 801 1122; x_wconf 80' lang='lat' dir='ltr'>argenti</span> <span class='ocrx_word' id='word_1_73' title='bbox 818 1079 892 1110; x_wconf 82' lang='lat' dir='ltr'>feeit</span> <span class='ocrx_word' id='word_1_74' title='bbox 908 1079 1025 1116; x_wconf 73' lang='lat' dir='ltr'>Yonas‚</span> 
     </span>
     <span class='ocr_line' id='line_1_16' title="bbox 377 1134 1112 1182; baseline 0 -16"><span class='ocrx_word' id='word_1_75' title='bbox 377 1173 405 1182; x_wconf 39' lang='grc' dir='ltr'><em>β</em></span> <span class='ocrx_word' id='word_1_76' title='bbox 426 1134 541 1166; x_wconf 83' lang='lat' dir='ltr'>Rector</span> <span class='ocrx_word' id='word_1_77' title='bbox 558 1135 730 1173; x_wconf 71' lang='lat' dir='ltr'>Thessaliae,</span> <span class='ocrx_word' id='word_1_78' title='bbox 748 1147 824 1178; x_wconf 87' lang='lat' dir='ltr'>quos</span> <span class='ocrx_word' id='word_1_79' title='bbox 838 1147 1000 1178; x_wconf 63' lang='lat' dir='ltr'>numerqre</span> <span class='ocrx_word' id='word_1_80' title='bbox 1017 1135 1112 1166; x_wconf 80' lang='lat' dir='ltr'>dedit.</span> 
     </span>
     <span class='ocr_line' id='line_1_17' title="bbox 380 1184 1095 1234; baseline 0.001 -13"><span class='ocrx_word' id='word_1_81' title='bbox 380 1184 557 1222; x_wconf 32' lang='lat' dir='ltr'>&#39;Foemineos</span> <span class='ocrx_word' id='word_1_82' title='bbox 573 1192 675 1222; x_wconf 84' lang='lat' dir='ltr'>cultus</span> <span class='ocrx_word' id='word_1_83' title='bbox 690 1192 779 1222; x_wconf 74' lang='lat' dir='ltr'>auxit</span> <span class='ocrx_word' id='word_1_84' title='bbox 796 1191 959 1234; x_wconf 82' lang='lat' dir='ltr'>Cleopatra</span> <span class='ocrx_word' id='word_1_85' title='bbox 975 1191 1095 1229; x_wconf 77' lang='lat' dir='ltr'>decora,</span> 
     </span>
     <span class='ocr_line' id='line_1_18' title="bbox 427 1246 1052 1290; baseline 0 -12"><span class='ocrx_word' id='word_1_86' title='bbox 427 1246 468 1278; x_wconf 84' lang='lat' dir='ltr'>Et</span> <span class='ocrx_word' id='word_1_87' title='bbox 483 1259 622 1290; x_wconf 78' lang='lat' dir='ltr'>gemmas</span> <span class='ocrx_word' id='word_1_88' title='bbox 637 1248 722 1278; x_wconf 89' lang='lat' dir='ltr'>rubri</span> <span class='ocrx_word' id='word_1_89' title='bbox 737 1248 867 1290; x_wconf 79' lang='lat' dir='ltr'>protulit</span> <span class='ocrx_word' id='word_1_90' title='bbox 882 1248 935 1278; x_wconf 89' lang='lat' dir='ltr'>illa</span> <span class='ocrx_word' id='word_1_91' title='bbox 952 1248 1052 1278; x_wconf 87' lang='lat' dir='ltr'>maris.</span> 
     </span>
     <span class='ocr_line' id='line_1_19' title="bbox 384 1303 1037 1347; baseline 0.002 -13"><span class='ocrx_word' id='word_1_92' title='bbox 384 1303 527 1347; x_wconf 78' lang='lat' dir='ltr'>qutibus</span> <span class='ocrx_word' id='word_1_93' title='bbox 542 1304 626 1335; x_wconf 87' lang='lat' dir='ltr'>illius</span> <span class='ocrx_word' id='word_1_94' title='bbox 644 1304 770 1335; x_wconf 83' lang='lat' dir='ltr'>Lucano</span> <span class='ocrx_word' id='word_1_95' title='bbox 786 1311 863 1336; x_wconf 88' lang='lat' dir='ltr'>teste</span> <span class='ocrx_word' id='word_1_96' title='bbox 878 1304 1037 1335; x_wconf 77' lang='lat' dir='ltr'>micabant</span> 
     </span>
     <span class='ocr_line' id='line_1_20' title="bbox 428 1359 1101 1402; baseline 0 -11"><span class='ocrx_word' id='word_1_97' title='bbox 428 1359 581 1402; x_wconf 78' lang='lat' dir='ltr'>JaspideS,</span> <span class='ocrx_word' id='word_1_98' title='bbox 597 1360 631 1391; x_wconf 91' lang='lat' dir='ltr'>in</span> <span class='ocrx_word' id='word_1_99' title='bbox 646 1367 729 1391; x_wconf 82' lang='lat' dir='ltr'>tecto</span> <span class='ocrx_word' id='word_1_100' title='bbox 745 1361 907 1391; x_wconf 85' lang='lat' dir='ltr'>einnarnus</span> <span class='ocrx_word' id='word_1_101' title='bbox 922 1361 1012 1391; x_wconf 83' lang='lat' dir='ltr'>arbor</span> <span class='ocrx_word' id='word_1_102' title='bbox 1027 1367 1101 1391; x_wconf 85' lang='lat' dir='ltr'>erat.</span> 
     </span>
     <span class='ocr_line' id='line_1_21' title="bbox 386 1414 1147 1454; baseline 0.001 -9"><span class='ocrx_word' id='word_1_103' title='bbox 386 1414 498 1446; x_wconf 83' lang='lat' dir='ltr'>Utenti</span> <span class='ocrx_word' id='word_1_104' title='bbox 513 1422 595 1447; x_wconf 83' lang='lat' dir='ltr'>recte</span> <span class='ocrx_word' id='word_1_105' title='bbox 610 1416 691 1447; x_wconf 85' lang='lat' dir='ltr'>bona-</span> <span class='ocrx_word' id='word_1_106' title='bbox 707 1423 778 1447; x_wconf 85' lang='lat' dir='ltr'>sunt</span> <span class='ocrx_word' id='word_1_107' title='bbox 794 1416 858 1447; x_wconf 80' lang='lat' dir='ltr'>haec</span> <span class='ocrx_word' id='word_1_108' title='bbox 874 1416 988 1454; x_wconf 68' lang='lat' dir='ltr'>omnia,</span> <span class='ocrx_word' id='word_1_109' title='bbox 1006 1416 1058 1447; x_wconf 88' lang='lat' dir='ltr'>sed</span> <span class='ocrx_word' id='word_1_110' title='bbox 1074 1422 1147 1446; x_wconf 76' lang='lat' dir='ltr'>sunt</span> 
     </span>
     <span class='ocr_line' id='line_1_22' title="bbox 429 1470 1096 1514; baseline 0.001 -13"><span class='ocrx_word' id='word_1_111' title='bbox 429 1470 582 1502; x_wconf 76' lang='lat' dir='ltr'>Nonnulli</span> <span class='ocrx_word' id='word_1_112' title='bbox 598 1483 729 1513; x_wconf 88' lang='lat' dir='ltr'>quorum</span> <span class='ocrx_word' id='word_1_113' title='bbox 746 1472 873 1502; x_wconf 85' lang='lat' dir='ltr'>damnat</span> <span class='ocrx_word' id='word_1_114' title='bbox 889 1472 1000 1502; x_wconf 89' lang='lat' dir='ltr'>abusus</span> <span class='ocrx_word' id='word_1_115' title='bbox 1016 1483 1096 1514; x_wconf 90' lang='lat' dir='ltr'>opes.</span> 
     </span>
     <span class='ocr_line' id='line_1_23' title="bbox 385 1525 1163 1565; baseline -0.001 -8"><span class='ocrx_word' id='word_1_116' title='bbox 385 1525 461 1557; x_wconf 86' lang='lat' dir='ltr'>Haeo</span> <span class='ocrx_word' id='word_1_117' title='bbox 476 1526 594 1557; x_wconf 81' lang='lat' dir='ltr'>faciunt</span> <span class='ocrx_word' id='word_1_118' title='bbox 609 1527 751 1557; x_wconf 87' lang='lat' dir='ltr'>homines</span> <span class='ocrx_word' id='word_1_119' title='bbox 767 1526 907 1565; x_wconf 82' lang='lat' dir='ltr'>furiosos,</span> <span class='ocrx_word' id='word_1_120' title='bbox 923 1534 955 1558; x_wconf 84' lang='lat' dir='ltr'>et</span> <span class='ocrx_word' id='word_1_121' title='bbox 970 1526 1036 1557; x_wconf 86' lang='lat' dir='ltr'>sitis</span> <span class='ocrx_word' id='word_1_122' title='bbox 1052 1526 1163 1557; x_wconf 86' lang='lat' dir='ltr'>horum</span> 
     </span>
     <span class='ocr_line' id='line_1_24' title="bbox 429 1582 1136 1624; baseline 0.003 -12"><span class='ocrx_word' id='word_1_123' title='bbox 429 1582 525 1613; x_wconf 85' lang='lat' dir='ltr'>Ducit</span> <span class='ocrx_word' id='word_1_124' title='bbox 540 1582 580 1612; x_wconf 90' lang='lat' dir='ltr'>ad</span> <span class='ocrx_word' id='word_1_125' title='bbox 595 1582 757 1613; x_wconf 84' lang='lat' dir='ltr'>interitum</span> <span class='ocrx_word' id='word_1_126' title='bbox 775 1582 1019 1624; x_wconf 81' lang='lat' dir='ltr'>Tartareumque</span> <span class='ocrx_word' id='word_1_127' title='bbox 1034 1582 1136 1614; x_wconf 85' lang='lat' dir='ltr'>chaos.</span> 
     </span>
     <span class='ocr_line' id='line_1_25' title="bbox 384 1637 1232 1681; baseline -0.001 -12"><span class='ocrx_word' id='word_1_128' title='bbox 384 1637 442 1669; x_wconf 88' lang='lat' dir='ltr'>Vae</span> <span class='ocrx_word' id='word_1_129' title='bbox 456 1638 537 1669; x_wconf 83' lang='lat' dir='ltr'>natis</span> <span class='ocrx_word' id='word_1_130' title='bbox 552 1638 645 1669; x_wconf 73' lang='lat' dir='ltr'>Evae!</span> <span class='ocrx_word' id='word_1_131' title='bbox 661 1638 773 1680; x_wconf 88' lang='lat' dir='ltr'>quibus</span> <span class='ocrx_word' id='word_1_132' title='bbox 790 1638 854 1669; x_wconf 63' lang='lat' dir='ltr'>haec</span> <span class='ocrx_word' id='word_1_133' title='bbox 869 1646 939 1681; x_wconf 79' lang='lat' dir='ltr'>post</span> <span class='ocrx_word' id='word_1_134' title='bbox 954 1645 1093 1681; x_wconf 82' lang='lat' dir='ltr'>tempora</span> <span class='ocrx_word' id='word_1_135' title='bbox 1108 1650 1232 1681; x_wconf 81' lang='lat' dir='ltr'>poenam</span> 
     </span>
     <span class='ocr_line' id='line_1_26' title="bbox 428 1693 1070 1738; baseline 0.002 -13"><span class='ocrx_word' id='word_1_136' title='bbox 428 1693 571 1737; x_wconf 88' lang='lat' dir='ltr'>Corporis</span> <span class='ocrx_word' id='word_1_137' title='bbox 586 1706 621 1725; x_wconf 85' lang='lat' dir='ltr'>ac</span> <span class='ocrx_word' id='word_1_138' title='bbox 637 1695 747 1726; x_wconf 87' lang='lat' dir='ltr'>animae</span> <span class='ocrx_word' id='word_1_139' title='bbox 763 1695 829 1726; x_wconf 81' lang='lat' dir='ltr'>dira</span> <span class='ocrx_word' id='word_1_140' title='bbox 845 1695 959 1738; x_wconf 83' lang='lat' dir='ltr'>cupido</span> <span class='ocrx_word' id='word_1_141' title='bbox 976 1695 1070 1726; x_wconf 80' lang='lat' dir='ltr'>dabit.</span> 
     </span>
     <span class='ocr_line' id='line_1_27' title="bbox 383 1749 1089 1792; baseline 0.003 -13"><span class='ocrx_word' id='word_1_142' title='bbox 383 1749 534 1780; x_wconf 85' lang='lat' dir='ltr'>Primitus</span> <span class='ocrx_word' id='word_1_143' title='bbox 550 1749 644 1781; x_wconf 72' lang='lat' dir='ltr'>Ixion</span> <span class='ocrx_word' id='word_1_144' title='bbox 660 1750 778 1792; x_wconf 88' lang='lat' dir='ltr'>equites</span> <span class='ocrx_word' id='word_1_145' title='bbox 793 1751 957 1788; x_wconf 76' lang='lat' dir='ltr'>statuebat,</span> <span class='ocrx_word' id='word_1_146' title='bbox 974 1751 1012 1781; x_wconf 82' lang='lat' dir='ltr'>ab</span> <span class='ocrx_word' id='word_1_147' title='bbox 1028 1750 1089 1781; x_wconf 84' lang='lat' dir='ltr'>illis</span> 
     </span>
     <span class='ocr_line' id='line_1_28' title="bbox 428 1805 1086 1849; baseline 0 -13"><span class='ocrx_word' id='word_1_148' title='bbox 428 1805 586 1848; x_wconf 82' lang='lat' dir='ltr'>Expulsus</span> <span class='ocrx_word' id='word_1_149' title='bbox 600 1818 708 1849; x_wconf 73' lang='lat' dir='ltr'>regno,</span> <span class='ocrx_word' id='word_1_150' title='bbox 720 1806 871 1849; x_wconf 65' lang='lat' dir='ltr'>perfidus,</span> <span class='ocrx_word' id='word_1_151' title='bbox 887 1807 972 1845; x_wconf 79' lang='lat' dir='ltr'>exul,</span> <span class='ocrx_word' id='word_1_152' title='bbox 988 1807 1086 1849; x_wconf 86' lang='lat' dir='ltr'>inops.</span> 
     </span>
     <span class='ocr_line' id='line_1_29' title="bbox 385 1861 1063 1905; baseline 0.001 -13"><span class='ocrx_word' id='word_1_153' title='bbox 385 1861 521 1892; x_wconf 82' lang='lat' dir='ltr'>Pectoris</span> <span class='ocrx_word' id='word_1_154' title='bbox 536 1862 638 1892; x_wconf 81' lang='lat' dir='ltr'>arcani</span> <span class='ocrx_word' id='word_1_155' title='bbox 655 1862 825 1905; x_wconf 82' lang='lat' dir='ltr'>proscripta</span> <span class='ocrx_word' id='word_1_156' title='bbox 841 1874 916 1905; x_wconf 85' lang='lat' dir='ltr'>pace</span> <span class='ocrx_word' id='word_1_157' title='bbox 931 1869 1063 1905; x_wconf 85' lang='lat' dir='ltr'>negatur</span> 
     </span>
     <span class='ocr_line' id='line_1_30' title="bbox 429 1917 1135 1961; baseline 0.001 -14"><span class='ocrx_word' id='word_1_158' title='bbox 429 1917 496 1948; x_wconf 83' lang='lat' dir='ltr'>Pax</span> <span class='ocrx_word' id='word_1_159' title='bbox 507 1924 619 1948; x_wconf 85' lang='lat' dir='ltr'>aeterna</span> <span class='ocrx_word' id='word_1_160' title='bbox 636 1918 747 1960; x_wconf 85' lang='lat' dir='ltr'>quibus</span> <span class='ocrx_word' id='word_1_161' title='bbox 763 1930 869 1961; x_wconf 78' lang='lat' dir='ltr'>pugna</span> <span class='ocrx_word' id='word_1_162' title='bbox 885 1925 1011 1948; x_wconf 84' lang='lat' dir='ltr'>eruenta</span> <span class='ocrx_word' id='word_1_163' title='bbox 1026 1918 1135 1960; x_wconf 82' lang='lat' dir='ltr'>placet.</span> 
     </span>
     <span class='ocr_line' id='line_1_31' title="bbox 386 1972 1104 2015; baseline 0.001 -12"><span class='ocrx_word' id='word_1_164' title='bbox 386 1972 542 2015; x_wconf 84' lang='lat' dir='ltr'>Anglieus</span> <span class='ocrx_word' id='word_1_165' title='bbox 557 1973 663 2004; x_wconf 82' lang='lat' dir='ltr'>oceani</span> <span class='ocrx_word' id='word_1_166' title='bbox 675 1972 857 2004; x_wconf 82' lang='lat' dir='ltr'>circumflua</span> <span class='ocrx_word' id='word_1_167' title='bbox 873 1973 998 2004; x_wconf 81' lang='lat' dir='ltr'>brachia</span> <span class='ocrx_word' id='word_1_168' title='bbox 1010 1973 1104 2004; x_wconf 82' lang='lat' dir='ltr'>classe</span> 
     </span>
     <span class='ocr_line' id='line_1_32' title="bbox 429 2028 1148 2072; baseline 0 -13"><span class='ocrx_word' id='word_1_169' title='bbox 429 2028 544 2066; x_wconf 82' lang='lat' dir='ltr'>Sulcat,</span> <span class='ocrx_word' id='word_1_170' title='bbox 562 2036 592 2060; x_wconf 82' lang='lat' dir='ltr'>et</span> <span class='ocrx_word' id='word_1_171' title='bbox 607 2029 691 2060; x_wconf 85' lang='lat' dir='ltr'>hunc</span> <span class='ocrx_word' id='word_1_172' title='bbox 707 2029 817 2072; x_wconf 86' lang='lat' dir='ltr'>recipit</span> <span class='ocrx_word' id='word_1_173' title='bbox 834 2028 947 2059; x_wconf 86' lang='lat' dir='ltr'>finibus</span> <span class='ocrx_word' id='word_1_174' title='bbox 964 2028 1061 2071; x_wconf 80' lang='lat' dir='ltr'>Hugo</span> <span class='ocrx_word' id='word_1_175' title='bbox 1077 2029 1148 2060; x_wconf 86' lang='lat' dir='ltr'>suis.</span> 
     </span>
     <span class='ocr_line' id='line_1_33' title="bbox 387 2083 1214 2127; baseline 0.002 -13"><span class='ocrx_word' id='word_1_176' title='bbox 387 2083 542 2123; x_wconf 82' lang='lat' dir='ltr'>Quosdam</span> <span class='ocrx_word' id='word_1_177' title='bbox 559 2085 749 2127; x_wconf 72' lang='lat' dir='ltr'>praemittens</span> <span class='ocrx_word' id='word_1_178' title='bbox 765 2085 903 2127; x_wconf 78' lang='lat' dir='ltr'>sequitur</span> <span class='ocrx_word' id='word_1_179' title='bbox 919 2096 975 2115; x_wconf 78' lang='lat' dir='ltr'>rex</span> <span class='ocrx_word' id='word_1_180' title='bbox 990 2084 1082 2115; x_wconf 84' lang='lat' dir='ltr'>classe</span> <span class='ocrx_word' id='word_1_181' title='bbox 1100 2092 1214 2127; x_wconf 71' lang='lat' dir='ltr'>parata,</span> 
     </span>
     <span class='ocr_line' id='line_1_34' title="bbox 429 2139 1107 2182; baseline 0.003 -12"><span class='ocrx_word' id='word_1_182' title='bbox 429 2139 651 2182; x_wconf 85' lang='lat' dir='ltr'>Contemplans</span> <span class='ocrx_word' id='word_1_183' title='bbox 663 2141 740 2172; x_wconf 86' lang='lat' dir='ltr'>certi</span> <span class='ocrx_word' id='word_1_184' title='bbox 755 2148 894 2182; x_wconf 88' lang='lat' dir='ltr'>tempora</span> <span class='ocrx_word' id='word_1_185' title='bbox 909 2140 989 2171; x_wconf 83' lang='lat' dir='ltr'>clara</span> <span class='ocrx_word' id='word_1_186' title='bbox 1004 2140 1107 2172; x_wconf 80' lang='lat' dir='ltr'>maris.</span> 
     </span>
     <span class='ocr_line' id='line_1_35' title="bbox 387 2195 1141 2239; baseline 0.003 -14"><span class='ocrx_word' id='word_1_187' title='bbox 387 2195 450 2226; x_wconf 79' lang='lat' dir='ltr'>Hic</span> <span class='ocrx_word' id='word_1_188' title='bbox 466 2196 551 2226; x_wconf 86' lang='lat' dir='ltr'>loeus</span> <span class='ocrx_word' id='word_1_189' title='bbox 566 2203 611 2227; x_wconf 83' lang='lat' dir='ltr'>est</span> <span class='ocrx_word' id='word_1_190' title='bbox 627 2197 731 2239; x_wconf 78' lang='lat' dir='ltr'>elegis,</span> <span class='ocrx_word' id='word_1_191' title='bbox 749 2197 847 2239; x_wconf 75' lang='lat' dir='ltr'>elegia</span> <span class='ocrx_word' id='word_1_192' title='bbox 863 2208 938 2238; x_wconf 89' lang='lat' dir='ltr'>quos</span> <span class='ocrx_word' id='word_1_193' title='bbox 954 2196 1032 2226; x_wconf 73' lang='lat' dir='ltr'>mihi</span> <span class='ocrx_word' id='word_1_194' title='bbox 1047 2196 1141 2227; x_wconf 70' lang='lat' dir='ltr'>vertit</span> 
     </span>
     <span class='ocr_line' id='line_1_36' title="bbox 431 2251 1091 2294; baseline 0.002 -13"><span class='ocrx_word' id='word_1_195' title='bbox 431 2251 582 2294; x_wconf 89' lang='lat' dir='ltr'>Tempore</span> <span class='ocrx_word' id='word_1_196' title='bbox 598 2252 636 2283; x_wconf 91' lang='lat' dir='ltr'>de</span> <span class='ocrx_word' id='word_1_197' title='bbox 652 2253 738 2283; x_wconf 83' lang='lat' dir='ltr'>vario</span> <span class='ocrx_word' id='word_1_198' title='bbox 754 2252 987 2294; x_wconf 77' lang='lat' dir='ltr'>fluctivagoque</span> <span class='ocrx_word' id='word_1_199' title='bbox 1002 2252 1091 2282; x_wconf 88' lang='lat' dir='ltr'>mari.</span> 
     </span>
    </p>
   </div>
   <div class='ocr_carea' id='block_1_6' title="bbox 388 2307 1293 2350">
    <p class='ocr_par' dir='ltr' id='par_1_6' title="bbox 388 2307 1293 2350">
     <span class='ocr_line' id='line_1_37' title="bbox 388 2307 1293 2350; baseline 0 -12"><span class='ocrx_word' id='word_1_200' title='bbox 388 2307 538 2338; x_wconf 82' lang='lat' dir='ltr'>Protraho</span> <span class='ocrx_word' id='word_1_201' title='bbox 554 2308 714 2339; x_wconf 83' lang='lat' dir='ltr'>materiam</span> <span class='ocrx_word' id='word_1_202' title='bbox 729 2320 868 2350; x_wconf 81' lang='lat' dir='ltr'>parvam,</span> <span class='ocrx_word' id='word_1_203' title='bbox 884 2307 1120 2350; x_wconf 83' lang='lat' dir='ltr'>perstringoque</span> <span class='ocrx_word' id='word_1_204' title='bbox 1135 2319 1293 2350; x_wconf 66' lang='lat' dir='ltr'>magnam=</span> 
     </span>
    </p>
   </div>
   <div class='ocr_carea' id='block_1_7' title="bbox 431 2363 1085 2449">
    <p class='ocr_par' dir='ltr' id='par_1_7' title="bbox 431 2363 1085 2449">
     <span class='ocr_line' id='line_1_38' title="bbox 431 2363 1085 2406; baseline 0 -12"><span class='ocrx_word' id='word_1_205' title='bbox 431 2363 478 2394; x_wconf 89' lang='lat' dir='ltr'>Ut</span> <span class='ocrx_word' id='word_1_206' title='bbox 493 2364 536 2394; x_wconf 81' lang='lat' dir='ltr'>sie</span> <span class='ocrx_word' id='word_1_207' title='bbox 552 2364 703 2395; x_wconf 81' lang='lat' dir='ltr'>lectorum</span> <span class='ocrx_word' id='word_1_208' title='bbox 718 2375 841 2406; x_wconf 84' lang='lat' dir='ltr'>pascere</span> <span class='ocrx_word' id='word_1_209' title='bbox 857 2363 948 2394; x_wconf 81' lang='lat' dir='ltr'>corda</span> <span class='ocrx_word' id='word_1_210' title='bbox 965 2375 1085 2405; x_wconf 87' lang='lat' dir='ltr'>queam.</span> 
     </span>
     <span class='ocr_line' id='line_1_39' title="bbox 838 2421 888 2449; baseline -0.02 0"><span class='ocrx_word' id='word_1_211' title='bbox 838 2429 856 2449; x_wconf 85' lang='lat' dir='ltr'>E</span> <span class='ocrx_word' id='word_1_212' title='bbox 870 2421 888 2448; x_wconf 83' lang='lat'><strong><em>2</em></strong></span> 
     </span>
    </p>
   </div>
   <div class='ocr_carea' id='block_1_8' title="bbox 1446 425 1490 460">
    <p class='ocr_par' dir='ltr' id='par_1_8' title="bbox 1446 425 1490 460">
     <span class='ocr_line' id='line_1_40' title="bbox 1446 425 1490 460; baseline 0.045 -2"><span class='ocrx_word' id='word_1_213' title='bbox 1446 425 1490 460; x_wconf 77' lang='lat'>27</span> 
     </span>
    </p>
   </div>
   <div class='ocr_carea' id='block_1_9' title="bbox 1506 510 1675 538">
    <p class='ocr_par' dir='ltr' id='par_1_9' title="bbox 1506 510 1675 538">
     <span class='ocr_line' id='line_1_41' title="bbox 1506 510 1675 538; baseline -0.012 -6"><span class='ocrx_word' id='word_1_214' title='bbox 1506 510 1675 538; x_wconf 57' lang='lat' dir='ltr'>(Tubalcanu.</span> 
     </span>
    </p>
   </div>
   <div class='ocr_carea' id='block_1_10' title="bbox 1511 2087 1821 2175">
    <p class='ocr_par' dir='ltr' id='par_1_10' title="bbox 1511 2087 1821 2175">
     <span class='ocr_line' id='line_1_42' title="bbox 1512 2087 1821 2117; baseline 0.006 -8"><span class='ocrx_word' id='word_1_215' title='bbox 1512 2088 1532 2113; x_wconf 60' lang='lat' dir='ltr'>“ff</span> <span class='ocrx_word' id='word_1_216' title='bbox 1551 2087 1588 2109; x_wconf 87' lang='lat' dir='ltr'>De</span> <span class='ocrx_word' id='word_1_217' title='bbox 1608 2089 1821 2117; x_wconf 77' lang='lat' dir='ltr'>prognosticatione</span> 
     </span>
     <span class='ocr_line' id='line_1_43' title="bbox 1511 2121 1820 2150; baseline 0.006 -9"><span class='ocrx_word' id='word_1_218' title='bbox 1511 2121 1631 2149; x_wconf 71' lang='lat' dir='ltr'>temporis,</span> <span class='ocrx_word' id='word_1_219' title='bbox 1655 2124 1677 2143; x_wconf 84' lang='lat' dir='ltr'>et</span> <span class='ocrx_word' id='word_1_220' title='bbox 1701 2121 1730 2143; x_wconf 84' lang='lat' dir='ltr'>de</span> <span class='ocrx_word' id='word_1_221' title='bbox 1758 2122 1820 2150; x_wconf 84' lang='lat' dir='ltr'>peri-</span> 
     </span>
     <span class='ocr_line' id='line_1_44' title="bbox 1512 2153 1662 2175; baseline 0.007 -1"><span class='ocrx_word' id='word_1_222' title='bbox 1512 2153 1571 2174; x_wconf 85' lang='lat' dir='ltr'>culis</span> <span class='ocrx_word' id='word_1_223' title='bbox 1583 2153 1662 2175; x_wconf 83' lang='lat' dir='ltr'>maris.</span> 
     </span>
    </p>
   </div>
  </div>
 </body>
</html>
