2105 2871
887 445 1086 470 JOHANNIS
1104 446 1157 470 DE
1177 445 1413 470 GARLANDIA

640 526 739 557 ,quta
758 526 933 558 Londonias
949 539 1036 558 arcus
1054 528 1180 559 Essexia
1195 528 1336 565 tendens,

684 582 724 613 Et
741 582 851 613 fundas
867 582 991 621 faciens⁷
1008 583 1060 614 hic
1074 584 1156 626 gerit
1171 596 1255 614 arma
1271 596 1334 615 sua.

639 638 738 668 ‚quta
757 638 890 669 Parisius
907 638 1067 669 Pontisara
1082 651 1144 670 non
1161 640 1273 677 minor,
1290 651 1377 671 arcus

680 693 827 724 Arcubus
843 694 983 736 opponit⁷
1001 694 1122 736 dispare
1138 694 1199 726 fine
1215 702 1329 726 tamen.

640 749 717 779 Nam
732 749 835 780 fundis
851 749 964 780 crebris
979 750 1191 788 confunditur,
1209 751 1304 782 inimo
1321 752 1461 793 vigorem

680 805 797 837 Corbiae
813 806 881 836 telis
895 806 1114 848 Attrebatique
1129 807 1221 848 capit.

637 861 820 892 Guillehnus
839 861 946 903 Sayus,
965 861 1130 892 Bernerius
1147 862 1220 893 inde
1236 862 1408 901 Johzmnes,

679 916 820 947 Barrcnsi
837 916 917 946 ‘vires
933 927 1104 958 opposuere
1120 928 1196 947 suas.

639 972 739 1012 Hujus
755 972 787 1002 iu
803 972 956 1002 auxilium
974 972 1039 1002 dux
1054 971 1116 1003 huc
1132 972 1324 1013 Burgundus
1339 973 1440 1004 adesse

678 1029 885 1070 Appi-operat,
901 1034 1031 1059 martem
1048 1028 1187 1060 fulminis
1203 1029 1299 1060 instar
1314 1041 1418 1071 agens.

638 1084 704 1114 Aut
720 1084 779 1115 hoe
794 1091 848 1115 aut
863 1083 959 1115 simili
974 1090 1094 1115 certant
1109 1096 1289 1116 concurrere
1305 1091 1406 1128 pacto,

680 1140 734 1170 Est
750 1139 828 1170 mihi
844 1152 899 1182 pro
916 1140 996 1171 facto
1012 1152 1089 1183 saepe
1105 1141 1188 1183 quod
1204 1153 1267 1172 esse
1283 1142 1367 1172 solet.

638 1195 697 1226 Hic
707 1196 804 1234 dolor,
821 1196 873 1227 hic
887 1196 1033 1239 gemitus,
1046 1196 1138 1239 pedes
1161 1197 1212 1228 hic
1228 1197 1384 1228 occumbit
1399 1209 1561 1240 equesque,

678 1252 717 1283 Et
733 1252 835 1283 neutri
846 1252 927 1294 parti
943 1264 1067 1294 parcere
1085 1253 1179 1284 Parca
1195 1260 1304 1295 potest.

637 1308 668 1338 Si
685 1308 796 1349 gladiis
812 1308 876 1339 istis
892 1308 1051 1339 incredula
1066 1309 1156 1340 turba
1172 1309 1295 1351 periret,

679 1363 866 1401 (effunderenu
884 1364 973 1395 doleo
989 1364 1073 1406 quod
1088 1364 1139 1407 pia
1156 1365 1245 1396 turba
1262 1365 1350 1407 perit.

636 1419 784 1450 Hebraeus
800 1419 917 1450 dudum
935 1419 1012 1462 legis
1029 1420 1175 1451 tendebat
1192 1420 1224 1451 in
1243 1420 1356 1458 hostes,

678 1475 834 1506 Nostrates
850 1476 968 1518 proprii
984 1476 1144 1518 sanguinis
1159 1476 1258 1507 imbre
1275 1476 1409 1507 madent.

635 1532 713 1562 Sunt
729 1531 781 1562 alii
797 1543 857 1573 prae
873 1537 977 1562 mente
992 1531 1090 1562 crucis
1105 1531 1220 1562 vexilla
1236 1538 1385 1570 tenentes,

631 1628 638 1630 ν
677 1587 737 1626 Qui
749 1587 814 1628 jam
831 1593 1009 1629 proponunt
1024 1587 1148 1629 longius
1164 1587 1207 1618 ire
1226 1587 1357 1618 Pharon.

636 1643 704 1673 Heu
717 1642 722 1673 Ῐ
739 1642 811 1684 quia
827 1643 901 1673 dum
917 1649 1061 1685 pugnant
1076 1643 1166 1680 acies,
1182 1643 1327 1674 inimicus
1339 1644 1463 1682 amicus,

676 1698 827 1740 Cognitus
842 1698 979 1740 ignotum,
995 1710 1099 1740 aequus
1114 1698 1238 1740 iniquus
1254 1699 1320 1730 crit.

636 1753 817 1785 (¹ertificare
834 1754 905 1785 data
914 1766 977 1785 non
994 1761 1039 1786 cst
1050 1755 1118 1786 leve
1134 1755 1273 1793 vulnera,
1290 1755 1368 1786 ferre

676 1809 822 1846 Nomina,
840 1810 951 1840 laetales
968 1810 1126 1841 notificare
1142 1811 1259 1842 modos.

639 1865 701 1896 Hos
717 1865 835 1896 animat
851 1873 972 1897 sanctus
989 1866 1168 1908 Dionysius,
1186 1873 1217 1898 et
1232 1878 1315 1898 sacer
1330 1867 1398 1898 illos

678 1921 877 1959 Edmundus;
891 1928 981 1952 nutat
996 1922 1132 1964 pendula
1148 1923 1251 1965 palma
1267 1922 1391 1954 (lucum.

635 1978 694 2016 Qui
712 1984 822 2008 terram
840 1978 956 2020 petiere
967 1978 1084 2019 jacent,
1102 1978 1324 2020 inhumataque
1341 1978 1478 2009 membra

679 2033 788 2064 Lintea
804 2045 866 2064 11011
883 2033 999 2071 velant,
1016 2040 1157 2076 terraque
1174 2034 1259 2065 nulla
1275 2034 1364 2077 tegit.

634 2089 772 2120 Marchio
790 2090 814 2120 F
817 2090 991 2132 rancigenis
1007 2090 1117 2127 obstat,
1134 2090 1187 2121 sed
1202 2101 1287 2120 casus
1302 2096 1337 2120 ut
1352 2096 1454 2132 urget,

676 2146 749 2177 Cras
767 2145 861 2188 Ilugo
877 2152 1005 2187 cogetur
1023 2145 1140 2177 Gallica
1156 2146 1244 2188 signa
1260 2146 1353 2188 sequi.

635 2202 702 2232 Stat
718 2201 792 2232 dum
809 2208 886 2232 stare
903 2208 1004 2244 potest
1016 2202 1142 2240 stabilis,
1160 2202 1213 2244 qui
1231 2201 1310 2232 bella
1326 2202 1479 2232 movendo

678 2257 749 2287 Non
766 2264 811 2288 est
827 2257 928 2288 AEnea
944 2269 1001 2289 nee
1017 2257 1169 2288 Diomede
1186 2257 1295 2288 minor.

636 2313 774 2355 Agmina
791 2320 977 2344 convertunt
993 2314 1025 2344 in
1041 2325 1112 2344 eum
1132 2313 1318 2344 Ludovitica
1334 2313 1460 2349 bellum,

678 2368 792 2399 Contos
809 2376 839 2399 et
855 2368 974 2410 gladios
989 2369 1117 2411 suscipit
1129 2375 1210 2406 ante,
1228 2377 1320 2400 retro.
