2105 2871
277 1109 303 1136 ξι
312 1118 325 1131 ε·

267 2238 324 2263 1’]ο

519 419 572 443 DE
592 418 820 444 TRIUMPHIS
839 417 1036 442 ECCLESIAE
1056 417 1171 442 LIBRI
1189 417 1294 442 OCTO.

400 499 573 531 Ventorum
590 501 673 531 rabie
689 500 861 531 discurrens
876 499 1011 530 nubibus
1026 499 1107 540 ignis

442 556 607 588 Horridius
622 556 735 598 mugit,
752 556 844 586 findit
859 562 890 586 et
906 555 968 586 urit
984 555 1037 586 ibi.

399 611 503 642 Altior
518 612 569 643 hic
585 612 675 643 tellus
690 624 783 655 quam
801 612 935 643 Parisius
950 618 1045 654 patet,
1062 612 1142 642 ultra

442 666 503 698 Hic
518 667 617 710 magis
632 668 774 710 assurgit,
792 668 1049 710 subsequiturque
1065 669 1155 699 calor.

397 722 505 753 Monte
520 723 607 754 nives
622 723 725 765 aliquo
741 723 867 766 stringit
882 723 1024 754 subtilior
1040 736 1123 761 aura,

441 777 652 821 Multiplicans
668 779 768 809 radios
784 779 828 810 sol
844 784 948 810 tamen
964 791 1036 810 arva
1052 780 1165 822 coquit,

397 834 502 865 Certat
517 834 550 865 in
566 847 692 866 ascensu
707 835 775 866 fieri
791 847 855 866 nox
870 848 955 878 aequa
971 835 1044 874 diei,

439 889 531 921 Hanc
545 891 611 921 axis
627 891 724 922 donec
740 892 874 922 torridus
889 900 990 934 aequat
1006 893 1044 923 ei.

397 947 490 979 Ortus
505 955 538 979 ut
555 948 692 980 heliacus
707 949 756 980 vel
772 948 923 980 cosmieus
939 955 1018 980 astra
1033 949 1159 985 revelet,

440 1003 502 1035 Hic
517 1016 608 1035 1101110
624 1005 731 1042 cernit,
748 1005 799 1036 1110
816 1005 887 1047 quia
903 1016 994 1035 nemo
1010 1013 1123 1035 manet.

398 1059 575 1090 Remundos
591 1060 688 1103 igitur
703 1060 855 1091 animosos
871 1061 933 1091 alta
951 1060 1084 1091 Tholosa

387 1153 398 1158 μ
441 1114 560 1157 Giguit,
577 1127 653 1157 quos
668 1123 791 1159 patrum
807 1117 916 1148 bellica
932 1117 995 1147 vita
1007 1117 1107 1157 juvat.

398 1170 561 1213 Postquam
582 1172 744 1203 Remundo
763 1173 944 1204 Remuudus
960 1172 1087 1204 bellicus
1102 1172 1196 1202 haeres

440 1227 600 1265 Successit,
621 1228 738 1270 Syrnon
755 1235 865 1259 cuncta
881 1228 1007 1271 negavit
1023 1228 1062 1259 ei.

396 1283 454 1314 Pro
471 1284 596 1314 domino
609 1284 755 1324 juvenem
775 1284 912 1315 Balearis.
929 1283 1017 1314 firma
1034 1289 1178 1325 receptat,

440 1338 500 1369 Sed
516 1345 581 1370 toto
600 1340 717 1381 Symon
733 1340 841 1370 roboro
856 1339 951 1370 vallat
967 1351 1048 1370 eum.

396 1394 517 1426 Interea
535 1396 666 1426 Tholosa
682 1402 790 1438 potens
807 1396 915 1426 fossata
931 1395 1087 1431 reformat,

438 1451 479 1482 Et
495 1463 595 1482 comes
611 1452 753 1482 exclusus
769 1458 799 1482 et
815 1451 968 1482 comitissa
985 1450 1100 1480 dolent.

394 1506 522 1537 Civibus
537 1514 608 1538 ante
624 1518 677 1538 sua
693 1506 847 1537 comitissa
862 1505 1025 1536 retradidit
1041 1517 1134 1542 arma,

438 1563 511 1601 Quae
526 1569 630 1594 tamen
646 1564 685 1594 ad
701 1563 849 1594 damnum
866 1562 993 1593 fleverat
1009 1574 1093 1593 arma
1109 1561 1184 1592 dari.

394 1617 521 1649 Obsidet
536 1618 591 1650 hos
607 1619 720 1650 iterum
740 1619 871 1661 Symon;
890 1618 1071 1650 Remundus
1087 1618 1119 1648 in
1136 1617 1228 1648 armis

436 1674 627 1712 Adveniens,
644 1675 704 1706 alia
718 1683 804 1718 parte
820 1675 933 1706 resistit
947 1675 985 1706 ei.

392 1730 465 1762 Jaln
482 1731 526 1762 sol
542 1731 679 1773 obliquat
695 1731 795 1762 radios
811 1731 843 1762 in
859 1731 982 1773 virgine
998 1731 1096 1767 terris,

436 1787 597 1830 Multaque
612 1794 771 1830 ponuntur
786 1787 818 1817 in
834 1787 988 1829 locuplete
1002 1798 1094 1828 penu.

394 1843 454 1874 Hie
470 1843 688 1885 cruce-signati
704 1843 782 1873 vites
798 1843 987 1885 populantur
1002 1850 1032 1873 et
1044 1842 1160 1878 hortos,

438 1899 478 1930 Et
494 1899 630 1941 virgulta
646 1899 708 1930 suis
723 1898 825 1940 ampla
841 1898 953 1928 refecta
968 1897 1067 1929 bonis.

392 1954 538 1986 Machina
553 1955 658 1986 crebra
673 1966 782 1997 graves
797 1954 875 1985 ictus
891 1954 929 1984 ad
945 1953 1057 1984 moenia
1074 1953 1182 1989 mittit,

437 2011 552 2042 Ictibus
568 2011 698 2054 opponit
713 2022 744 2042 se
760 2010 907 2052 populosa
923 2009 1010 2052 polis.

393 2067 510 2097 Assunt
527 2067 641 2097 balistae
656 2066 753 2097 muris
767 2066 825 2096 tibi
842 2065 927 2096 milia
943 2065 1090 2107 quinque,

436 2122 583 2164 Exceptis
598 2122 675 2160 aliis⁷
692 2134 767 2164 quos
783 2133 943 2152 numerare
959 2133 1053 2164 grave
1069 2128 1122 2151 est.

392 2178 543 2219 Tempore
559 2178 690 2208 brumali
706 2177 845 2220 quaedam
861 2189 940 2207 nova
957 2176 1031 2207 villa
1045 2176 1081 2207 fit
1097 2182 1183 2207 extra

435 2234 466 2264 A
482 2234 724 2276 cruce-signatis,
741 2234 823 2264 dicta
841 2233 972 2264 Tholosa
989 2244 1078 2263 nova.

393 2290 448 2320 Hii
464 2289 597 2320 clamant
614 2296 748 2320 veterem
765 2289 875 2320 debere
892 2288 991 2331 perire
1009 2287 1184 2325 Τ11010511111τ

435 2345 500 2376 Nec
515 2353 614 2376 turres
629 2351 738 2383 tantas,
756 2357 813 2376 1100
828 2352 874 2376 tot
890 2344 1001 2375 habere
1018 2343 1128 2375 tholos.

905 2410 929 2431 M
945 2402 963 2431 2

1457 410 1504 443 ⁵53

1518 1173 1538 1199 Ἥ
1546 1173 1670 1200 Quomodo
1679 1173 1826 1195 Reimuudus

1517 1207 1663 1235 recuperavit
1675 1210 1768 1228 terram.

1514 1732 1535 1758 ἻῘ
1550 1732 1585 1754 De
1597 1733 1716 1755 obsidione
1729 1733 1815 1755 Tholo-

1513 1772 1552 1791 sae,
1566 1769 1589 1787 et
1602 1770 1676 1788 morte
1696 1766 1798 1788 Simonis

1513 1799 1611 1821 comitis-
