<?xml version="1.0" encoding="UTF-8"?>
<!DOCTYPE html PUBLIC "-//W3C//DTD XHTML 1.0 Transitional//EN"
    "http://www.w3.org/TR/xhtml1/DTD/xhtml1-transitional.dtd">
<html xmlns="http://www.w3.org/1999/xhtml" xml:lang="en" lang="en">
 <head>
  <title>
</title>
<meta http-equiv="Content-Type" content="text/html;charset=utf-8" />
  <meta name='ocr-system' content='tesseract 3.04.00' />
  <meta name='ocr-capabilities' content='ocr_page ocr_carea ocr_par ocr_line ocrx_word'/>
</head>
<body>
  <div class='ocr_page' id='page_1' title='image "./johannisdegarlan00johnuoft_0026.png"; bbox 0 0 2105 2871; ppageno 0'>
   <div class='ocr_carea' id='block_1_1' title="bbox 528 410 1389 445">
    <p class='ocr_par' dir='ltr' id='par_1_1' title="bbox 528 410 1389 445">
     <span class='ocr_line' id='line_1_1' title="bbox 528 410 1389 445; baseline 0 -1"><span class='ocrx_word' id='word_1_1' title='bbox 528 410 551 444; x_wconf 88' lang='grc'>6</span> <span class='ocrx_word' id='word_1_2' title='bbox 861 420 1061 445; x_wconf 60' lang='lat' dir='ltr'>,IOHANNIS</span> <span class='ocrx_word' id='word_1_3' title='bbox 1079 419 1132 444; x_wconf 86' lang='lat' dir='ltr'>DE</span> <span class='ocrx_word' id='word_1_4' title='bbox 1153 419 1389 445; x_wconf 72' lang='lat' dir='ltr'>GARLANDIA</span> 
     </span>
    </p>
   </div>
   <div class='ocr_carea' id='block_1_2' title="bbox 512 501 1533 2386">
    <p class='ocr_par' dir='ltr' id='par_1_2' title="bbox 512 501 1533 2386">
     <span class='ocr_line' id='line_1_2' title="bbox 616 501 1533 545; baseline 0.001 -13"><span class='ocrx_word' id='word_1_5' title='bbox 616 501 678 532; x_wconf 86' lang='lat' dir='ltr'>Das</span> <span class='ocrx_word' id='word_1_6' title='bbox 693 508 799 533; x_wconf 85' lang='lat' dir='ltr'>tamen</span> <span class='ocrx_word' id='word_1_7' title='bbox 815 502 948 533; x_wconf 82' lang='lat' dir='ltr'>ecelesiae</span> <span class='ocrx_word' id='word_1_8' title='bbox 964 502 1106 540; x_wconf 79' lang='lat' dir='ltr'>celebres,</span> <span class='ocrx_word' id='word_1_9' title='bbox 1123 514 1179 533; x_wconf 77' lang='lat' dir='ltr'>rex</span> <span class='ocrx_word' id='word_1_10' title='bbox 1197 501 1330 539; x_wconf 75' lang='lat' dir='ltr'><strong>Christe,</strong></span> <span class='ocrx_word' id='word_1_11' title='bbox 1346 502 1533 545; x_wconf 83' lang='lat' dir='ltr'>triumphos,</span> 
     </span>
     <span class='ocr_line' id='line_1_3' title="bbox 658 557 1362 601; baseline -0.001 -13"><span class='ocrx_word' id='word_1_12' title='bbox 658 558 810 600; x_wconf 82' lang='lat' dir='ltr'>Haneque</span> <span class='ocrx_word' id='word_1_13' title='bbox 826 558 1009 600; x_wconf 81' lang='lat' dir='ltr'>triumphali</span> <span class='ocrx_word' id='word_1_14' title='bbox 1024 557 1149 601; x_wconf 81' lang='lat' dir='ltr'>praemia</span> <span class='ocrx_word' id='word_1_15' title='bbox 1165 557 1243 588; x_wconf 90' lang='lat' dir='ltr'>ferre</span> <span class='ocrx_word' id='word_1_16' title='bbox 1259 569 1362 588; x_wconf 88' lang='lat' dir='ltr'>manu.</span> 
     </span>
     <span class='ocr_line' id='line_1_4' title="bbox 512 604 1306 657; baseline 0.001 -13"><span class='ocrx_word' id='word_1_17' title='bbox 512 604 519 606; x_wconf 61' lang='lat'>‚</span> <span class='ocrx_word' id='word_1_18' title='bbox 533 614 610 646; x_wconf 50' lang='lat' dir='ltr'>13„ss</span> <span class='ocrx_word' id='word_1_19' title='bbox 622 613 702 656; x_wconf 78' lang='lat' dir='ltr'>Regi</span> <span class='ocrx_word' id='word_1_20' title='bbox 719 607 853 645; x_wconf 79' lang='lat' dir='ltr'>Ricardo</span> <span class='ocrx_word' id='word_1_21' title='bbox 870 614 997 645; x_wconf 80' lang='lat' dir='ltr'>dederas</span> <span class='ocrx_word' id='word_1_22' title='bbox 1013 615 1142 657; x_wconf 82' lang='lat' dir='ltr'>regique</span> <span class='ocrx_word' id='word_1_23' title='bbox 1160 614 1306 656; x_wconf 85' lang='lat' dir='ltr'>Philippo</span> 
     </span>
     <span class='ocr_line' id='line_1_5' title="bbox 661 669 1291 712; baseline 0.002 -12"><span class='ocrx_word' id='word_1_24' title='bbox 661 669 845 700; x_wconf 81' lang='lat' dir='ltr'>Parthorum</span> <span class='ocrx_word' id='word_1_25' title='bbox 862 669 971 700; x_wconf 87' lang='lat' dir='ltr'>densos</span> <span class='ocrx_word' id='word_1_26' title='bbox 987 677 1156 701; x_wconf 81' lang='lat' dir='ltr'>extenuare</span> <span class='ocrx_word' id='word_1_27' title='bbox 1173 670 1291 712; x_wconf 82' lang='lat' dir='ltr'>globos.</span> 
     </span>
     <span class='ocr_line' id='line_1_6' title="bbox 618 724 1322 766; baseline 0 -11"><span class='ocrx_word' id='word_1_28' title='bbox 618 724 698 766; x_wconf 80' lang='lat' dir='ltr'>Regi</span> <span class='ocrx_word' id='word_1_29' title='bbox 714 724 852 755; x_wconf 82' lang='lat' dir='ltr'>Castellae</span> <span class='ocrx_word' id='word_1_30' title='bbox 867 736 898 755; x_wconf 90' lang='lat' dir='ltr'>se</span> <span class='ocrx_word' id='word_1_31' title='bbox 914 724 1018 755; x_wconf 80' lang='lat' dir='ltr'>subdit</span> <span class='ocrx_word' id='word_1_32' title='bbox 1035 724 1189 762; x_wconf 87' lang='lat' dir='ltr'>Corduba,</span> <span class='ocrx_word' id='word_1_33' title='bbox 1207 724 1322 755; x_wconf 87' lang='lat' dir='ltr'>ferrum</span> 
     </span>
     <span class='ocr_line' id='line_1_7' title="bbox 661 780 1326 822; baseline 0 -12"><span class='ocrx_word' id='word_1_34' title='bbox 661 780 805 811; x_wconf 84' lang='lat' dir='ltr'>Ferrardi</span> <span class='ocrx_word' id='word_1_35' title='bbox 820 780 928 811; x_wconf 75' lang='lat' dir='ltr'><strong>recolit</strong></span> <span class='ocrx_word' id='word_1_36' title='bbox 946 780 1082 822; x_wconf 75' lang='lat' dir='ltr'>Hispalis</span> <span class='ocrx_word' id='word_1_37' title='bbox 1098 780 1201 822; x_wconf 87' lang='lat' dir='ltr'>ampla</span> <span class='ocrx_word' id='word_1_38' title='bbox 1217 780 1326 811; x_wconf 88' lang='lat' dir='ltr'>ferum.</span> 
     </span>
     <span class='ocr_line' id='line_1_8' title="bbox 620 835 1393 879; baseline 0 -13"><span class='ocrx_word' id='word_1_39' title='bbox 620 835 751 878; x_wconf 79' lang='lat' dir='ltr'>Hospita</span> <span class='ocrx_word' id='word_1_40' title='bbox 767 836 958 867; x_wconf 78' lang='lat' dir='ltr'>Francorum</span> <span class='ocrx_word' id='word_1_41' title='bbox 975 836 1086 878; x_wconf 81' lang='lat' dir='ltr'>Cypris</span> <span class='ocrx_word' id='word_1_42' title='bbox 1103 836 1290 867; x_wconf 78' lang='lat' dir='ltr'>Ludovitiea</span> <span class='ocrx_word' id='word_1_43' title='bbox 1306 837 1393 879; x_wconf 79' lang='lat' dir='ltr'>signa</span> 
     </span>
     <span class='ocr_line' id='line_1_9' title="bbox 661 891 1441 934; baseline 0 -12"><span class='ocrx_word' id='word_1_44' title='bbox 661 892 734 923; x_wconf 78' lang='lat' dir='ltr'>Jam</span> <span class='ocrx_word' id='word_1_45' title='bbox 751 891 843 934; x_wconf 79' lang='lat' dir='ltr'>capit⁷</span> <span class='ocrx_word' id='word_1_46' title='bbox 861 891 893 922; x_wconf 89' lang='lat' dir='ltr'>in</span> <span class='ocrx_word' id='word_1_47' title='bbox 911 891 1039 922; x_wconf 87' lang='lat' dir='ltr'>Pharios</span> <span class='ocrx_word' id='word_1_48' title='bbox 1054 891 1226 922; x_wconf 76' lang='lat' dir='ltr'><strong>transvehit</strong></span> <span class='ocrx_word' id='word_1_49' title='bbox 1238 903 1323 923; x_wconf 87' lang='lat' dir='ltr'>arma</span> <span class='ocrx_word' id='word_1_50' title='bbox 1339 892 1441 924; x_wconf 85' lang='lat' dir='ltr'>duces.</span> 
     </span>
     <span class='ocr_line' id='line_1_10' title="bbox 620 947 1320 990; baseline 0.001 -12"><span class='ocrx_word' id='word_1_51' title='bbox 620 947 772 990; x_wconf 81' lang='lat' dir='ltr'>Tempore</span> <span class='ocrx_word' id='word_1_52' title='bbox 787 947 927 978; x_wconf 85' lang='lat' dir='ltr'>luserunt</span> <span class='ocrx_word' id='word_1_53' title='bbox 942 947 1038 989; x_wconf 81' lang='lat' dir='ltr'>longo</span> <span class='ocrx_word' id='word_1_54' title='bbox 1054 947 1184 989; x_wconf 84' lang='lat' dir='ltr'>gentilia</span> <span class='ocrx_word' id='word_1_55' title='bbox 1197 948 1320 990; x_wconf 86' lang='lat' dir='ltr'>scripta,</span> 
     </span>
     <span class='ocr_line' id='line_1_11' title="bbox 662 1001 1282 1044; baseline 0.002 -11"><span class='ocrx_word' id='word_1_56' title='bbox 662 1002 808 1044; x_wconf 82' lang='lat' dir='ltr'>Deposeit</span> <span class='ocrx_word' id='word_1_57' title='bbox 824 1009 947 1044; x_wconf 79' lang='lat' dir='ltr'>tempus</span> <span class='ocrx_word' id='word_1_58' title='bbox 962 1001 1021 1033; x_wconf 91' lang='lat' dir='ltr'>hoe</span> <span class='ocrx_word' id='word_1_59' title='bbox 1035 1002 1092 1033; x_wconf 88' lang='lat' dir='ltr'>sibi</span> <span class='ocrx_word' id='word_1_60' title='bbox 1109 1014 1181 1033; x_wconf 82' lang='lat' dir='ltr'>vera</span> <span class='ocrx_word' id='word_1_61' title='bbox 1197 1002 1282 1034; x_wconf 88' lang='lat' dir='ltr'>fides.</span> 
     </span>
     <span class='ocr_line' id='line_1_12' title="bbox 620 1058 1316 1100; baseline 0.001 -12"><span class='ocrx_word' id='word_1_62' title='bbox 620 1058 749 1089; x_wconf 79' lang='lat' dir='ltr'>Praefero</span> <span class='ocrx_word' id='word_1_63' title='bbox 765 1058 925 1100; x_wconf 77' lang='lat' dir='ltr'>praeteritis</span> <span class='ocrx_word' id='word_1_64' title='bbox 941 1058 1047 1088; x_wconf 88' lang='lat' dir='ltr'>multis</span> <span class='ocrx_word' id='word_1_65' title='bbox 1063 1058 1236 1100; x_wconf 60' lang='lat' dir='ltr'>praesentia,</span> <span class='ocrx_word' id='word_1_66' title='bbox 1253 1059 1316 1089; x_wconf 77' lang='lat' dir='ltr'>visa</span> 
     </span>
     <span class='ocr_line' id='line_1_13' title="bbox 662 1114 1286 1157; baseline 0.002 -13"><span class='ocrx_word' id='word_1_67' title='bbox 662 1114 800 1151; x_wconf 82' lang='lat' dir='ltr'>Auditis,</span> <span class='ocrx_word' id='word_1_68' title='bbox 818 1114 921 1145; x_wconf 89' lang='lat' dir='ltr'>dubiis</span> <span class='ocrx_word' id='word_1_69' title='bbox 936 1121 1028 1151; x_wconf 79' lang='lat' dir='ltr'>certa,</span> <span class='ocrx_word' id='word_1_70' title='bbox 1045 1114 1173 1156; x_wconf 79' lang='lat' dir='ltr'>probata</span> <span class='ocrx_word' id='word_1_71' title='bbox 1189 1114 1286 1157; x_wconf 84' lang='lat' dir='ltr'>vagis.</span> 
     </span>
     <span class='ocr_line' id='line_1_14' title="bbox 619 1169 1394 1212; baseline 0.001 -12"><span class='ocrx_word' id='word_1_72' title='bbox 619 1169 741 1201; x_wconf 81' lang='lat' dir='ltr'>Claram</span> <span class='ocrx_word' id='word_1_73' title='bbox 757 1169 889 1200; x_wconf 70' lang='lat' dir='ltr'>fuscavit</span> <span class='ocrx_word' id='word_1_74' title='bbox 903 1169 1024 1201; x_wconf 84' lang='lat' dir='ltr'>haeresis</span> <span class='ocrx_word' id='word_1_75' title='bbox 1039 1181 1095 1212; x_wconf 89' lang='lat' dir='ltr'>pro</span> <span class='ocrx_word' id='word_1_76' title='bbox 1111 1179 1198 1211; x_wconf 89' lang='lat' dir='ltr'>parte</span> <span class='ocrx_word' id='word_1_77' title='bbox 1217 1170 1394 1208; x_wconf 84' lang='lat' dir='ltr'>Tholosam,</span> 
     </span>
     <span class='ocr_line' id='line_1_15' title="bbox 663 1225 1347 1268; baseline 0 -12"><span class='ocrx_word' id='word_1_78' title='bbox 663 1225 759 1266; x_wconf 87' lang='lat' dir='ltr'>Cujus</span> <span class='ocrx_word' id='word_1_79' title='bbox 774 1226 939 1268; x_wconf 76' lang='lat' dir='ltr'>purgatrix</span> <span class='ocrx_word' id='word_1_80' title='bbox 950 1238 1028 1257; x_wconf 80' lang='lat' dir='ltr'>erux</span> <span class='ocrx_word' id='word_1_81' title='bbox 1044 1225 1123 1256; x_wconf 88' lang='lat' dir='ltr'>mihi</span> <span class='ocrx_word' id='word_1_82' title='bbox 1139 1237 1262 1256; x_wconf 84' lang='lat' dir='ltr'>carmen</span> <span class='ocrx_word' id='word_1_83' title='bbox 1278 1226 1347 1256; x_wconf 88' lang='lat' dir='ltr'>erit.</span> 
     </span>
     <span class='ocr_line' id='line_1_16' title="bbox 535 1281 1332 1324; baseline 0 -12"><span class='ocrx_word' id='word_1_84' title='bbox 535 1282 716 1314; x_wconf 51' lang='lat' dir='ltr'>lalfflAddo</span> <span class='ocrx_word' id='word_1_85' title='bbox 732 1289 881 1313; x_wconf 84' lang='lat' dir='ltr'>terrarum</span> <span class='ocrx_word' id='word_1_86' title='bbox 899 1289 1084 1324; x_wconf 84' lang='lat' dir='ltr'>conquestus</span> <span class='ocrx_word' id='word_1_87' title='bbox 1100 1281 1181 1313; x_wconf 85' lang='lat' dir='ltr'>orbis</span> <span class='ocrx_word' id='word_1_88' title='bbox 1197 1281 1235 1312; x_wconf 85' lang='lat' dir='ltr'>ab</span> <span class='ocrx_word' id='word_1_89' title='bbox 1252 1288 1332 1318; x_wconf 85' lang='lat' dir='ltr'>ortu,</span> 
     </span>
     <span class='ocr_line' id='line_1_17' title="bbox 662 1337 1340 1380; baseline 0.001 -13"><span class='ocrx_word' id='word_1_90' title='bbox 662 1337 867 1380; x_wconf 84' lang='lat' dir='ltr'>Distinguens</span> <span class='ocrx_word' id='word_1_91' title='bbox 883 1338 972 1368; x_wconf 84' lang='lat' dir='ltr'>annis</span> <span class='ocrx_word' id='word_1_92' title='bbox 988 1337 1109 1379; x_wconf 82' lang='lat' dir='ltr'>singula</span> <span class='ocrx_word' id='word_1_93' title='bbox 1125 1349 1253 1380; x_wconf 88' lang='lat' dir='ltr'>quaeque</span> <span class='ocrx_word' id='word_1_94' title='bbox 1269 1337 1340 1368; x_wconf 87' lang='lat' dir='ltr'>suis.</span> 
     </span>
     <span class='ocr_line' id='line_1_18' title="bbox 620 1393 1414 1436; baseline 0.001 -13"><span class='ocrx_word' id='word_1_95' title='bbox 620 1394 684 1424; x_wconf 72' lang='lat' dir='ltr'>Cur</span> <span class='ocrx_word' id='word_1_96' title='bbox 695 1401 726 1424; x_wconf 89' lang='lat' dir='ltr'>et</span> <span class='ocrx_word' id='word_1_97' title='bbox 743 1393 819 1436; x_wconf 85' lang='lat' dir='ltr'>quid</span> <span class='ocrx_word' id='word_1_98' title='bbox 831 1394 961 1425; x_wconf 82' lang='lat' dir='ltr'>scribam</span> <span class='ocrx_word' id='word_1_99' title='bbox 978 1394 1085 1436; x_wconf 79' lang='lat' dir='ltr'>tetigi;</span> <span class='ocrx_word' id='word_1_100' title='bbox 1102 1393 1325 1425; x_wconf 83' lang='lat' dir='ltr'>monstrabitur</span> <span class='ocrx_word' id='word_1_101' title='bbox 1340 1393 1414 1424; x_wconf 87' lang='lat' dir='ltr'>inde</span> 
     </span>
     <span class='ocr_line' id='line_1_19' title="bbox 664 1449 1341 1487; baseline 0.001 -8"><span class='ocrx_word' id='word_1_102' title='bbox 664 1449 777 1480; x_wconf 83' lang='lat' dir='ltr'>Forma</span> <span class='ocrx_word' id='word_1_103' title='bbox 793 1449 866 1487; x_wconf 89' lang='lat' dir='ltr'>stili,</span> <span class='ocrx_word' id='word_1_104' title='bbox 884 1449 989 1480; x_wconf 61' lang='lat' dir='ltr'>formae</span> <span class='ocrx_word' id='word_1_105' title='bbox 1005 1449 1153 1480; x_wconf 87' lang='lat' dir='ltr'>convenit</span> <span class='ocrx_word' id='word_1_106' title='bbox 1168 1449 1244 1480; x_wconf 92' lang='lat' dir='ltr'>ordo</span> <span class='ocrx_word' id='word_1_107' title='bbox 1260 1461 1341 1480; x_wconf 86' lang='lat' dir='ltr'>suus.</span> 
     </span>
     <span class='ocr_line' id='line_1_20' title="bbox 622 1505 1341 1548; baseline 0.001 -13"><span class='ocrx_word' id='word_1_108' title='bbox 622 1505 779 1544; x_wconf 83' lang='lat' dir='ltr'>Quantum</span> <span class='ocrx_word' id='word_1_109' title='bbox 797 1505 939 1536; x_wconf 83' lang='lat' dir='ltr'>differtur</span> <span class='ocrx_word' id='word_1_110' title='bbox 954 1512 1041 1536; x_wconf 81' lang='lat' dir='ltr'>terrae</span> <span class='ocrx_word' id='word_1_111' title='bbox 1056 1506 1210 1548; x_wconf 80' lang='lat' dir='ltr'>promotio</span> <span class='ocrx_word' id='word_1_112' title='bbox 1221 1513 1341 1542; x_wconf 63' lang='lat' dir='ltr'>senene,</span> 
     </span>
     <span class='ocr_line' id='line_1_21' title="bbox 664 1561 1378 1598; baseline 0 -6"><span class='ocrx_word' id='word_1_113' title='bbox 664 1561 826 1592; x_wconf 82' lang='lat' dir='ltr'>Haeretieis</span> <span class='ocrx_word' id='word_1_114' title='bbox 842 1561 959 1592; x_wconf 80' lang='lat' dir='ltr'>claudis</span> <span class='ocrx_word' id='word_1_115' title='bbox 974 1561 1110 1592; x_wconf 81' lang='lat' dir='ltr'>carmina</span> <span class='ocrx_word' id='word_1_116' title='bbox 1125 1561 1234 1592; x_wconf 84' lang='lat' dir='ltr'>clauda</span> <span class='ocrx_word' id='word_1_117' title='bbox 1251 1561 1378 1598; x_wconf 82' lang='lat' dir='ltr'>docent3</span> 
     </span>
     <span class='ocr_line' id='line_1_22' title="bbox 622 1616 1395 1659; baseline 0.001 -12"><span class='ocrx_word' id='word_1_118' title='bbox 622 1617 770 1648; x_wconf 77' lang='lat' dir='ltr'>Versibus</span> <span class='ocrx_word' id='word_1_119' title='bbox 785 1616 954 1659; x_wconf 83' lang='lat' dir='ltr'>imparibus</span> <span class='ocrx_word' id='word_1_120' title='bbox 970 1617 1093 1659; x_wconf 76' lang='lat' dir='ltr'>expirat</span> <span class='ocrx_word' id='word_1_121' title='bbox 1108 1617 1267 1659; x_wconf 73' lang='lat' dir='ltr'>syneresis,</span> <span class='ocrx_word' id='word_1_122' title='bbox 1285 1617 1395 1648; x_wconf 86' lang='lat' dir='ltr'>umbra</span> 
     </span>
     <span class='ocr_line' id='line_1_23' title="bbox 666 1672 1295 1716; baseline 0.003 -13"><span class='ocrx_word' id='word_1_123' title='bbox 666 1672 798 1716; x_wconf 79' lang='lat' dir='ltr'>Effugit,</span> <span class='ocrx_word' id='word_1_124' title='bbox 815 1673 947 1716; x_wconf 80' lang='lat' dir='ltr'>emergit</span> <span class='ocrx_word' id='word_1_125' title='bbox 962 1673 1028 1711; x_wconf 79' lang='lat' dir='ltr'>lux,</span> <span class='ocrx_word' id='word_1_126' title='bbox 1046 1673 1186 1716; x_wconf 81' lang='lat' dir='ltr'>ratioque</span> <span class='ocrx_word' id='word_1_127' title='bbox 1201 1680 1295 1716; x_wconf 85' lang='lat' dir='ltr'>patet.</span> 
     </span>
     <span class='ocr_line' id='line_1_24' title="bbox 626 1729 1363 1772; baseline 0.001 -13"><span class='ocrx_word' id='word_1_128' title='bbox 626 1729 653 1759; x_wconf 86' lang='lat' dir='ltr'>ls</span> <span class='ocrx_word' id='word_1_129' title='bbox 668 1729 778 1759; x_wconf 87' lang='lat' dir='ltr'>modus</span> <span class='ocrx_word' id='word_1_130' title='bbox 793 1736 848 1767; x_wconf 85' lang='lat' dir='ltr'>est,</span> <span class='ocrx_word' id='word_1_131' title='bbox 865 1729 969 1771; x_wconf 82' lang='lat' dir='ltr'>elegos</span> <span class='ocrx_word' id='word_1_132' title='bbox 983 1729 1065 1771; x_wconf 86' lang='lat' dir='ltr'>parit</span> <span class='ocrx_word' id='word_1_133' title='bbox 1079 1729 1131 1760; x_wconf 84' lang='lat' dir='ltr'>hic</span> <span class='ocrx_word' id='word_1_134' title='bbox 1144 1730 1255 1772; x_wconf 81' lang='lat' dir='ltr'>elegia,</span> <span class='ocrx_word' id='word_1_135' title='bbox 1268 1730 1363 1760; x_wconf 90' lang='lat' dir='ltr'>risum</span> 
     </span>
     <span class='ocr_line' id='line_1_25' title="bbox 668 1785 1322 1828; baseline 0.002 -13"><span class='ocrx_word' id='word_1_136' title='bbox 668 1785 846 1823; x_wconf 87' lang='lat' dir='ltr'>Proseribit,</span> <span class='ocrx_word' id='word_1_137' title='bbox 863 1785 1004 1816; x_wconf 78' lang='lat' dir='ltr'>lacrimas</span> <span class='ocrx_word' id='word_1_138' title='bbox 1020 1792 1139 1823; x_wconf 81' lang='lat' dir='ltr'>evocat,</span> <span class='ocrx_word' id='word_1_139' title='bbox 1157 1797 1209 1816; x_wconf 83' lang='lat' dir='ltr'>ora</span> <span class='ocrx_word' id='word_1_140' title='bbox 1225 1786 1322 1828; x_wconf 84' lang='lat' dir='ltr'>rigat;</span> 
     </span>
     <span class='ocr_line' id='line_1_26' title="bbox 626 1840 1303 1883; baseline 0.001 -12"><span class='ocrx_word' id='word_1_141' title='bbox 626 1841 697 1872; x_wconf 80' lang='lat' dir='ltr'>Post</span> <span class='ocrx_word' id='word_1_142' title='bbox 712 1841 807 1871; x_wconf 75' lang='grc'><strong>11511111</strong></span> <span class='ocrx_word' id='word_1_143' title='bbox 823 1841 925 1883; x_wconf 81' lang='lat' dir='ltr'>plorat</span> <span class='ocrx_word' id='word_1_144' title='bbox 940 1840 1071 1878; x_wconf 80' lang='lat' dir='ltr'>fallacia,</span> <span class='ocrx_word' id='word_1_145' title='bbox 1087 1841 1168 1872; x_wconf 89' lang='lat' dir='ltr'>ridet</span> <span class='ocrx_word' id='word_1_146' title='bbox 1183 1853 1303 1872; x_wconf 79' lang='lat' dir='ltr'>amoena</span> 
     </span>
     <span class='ocr_line' id='line_1_27' title="bbox 670 1896 1374 1940; baseline 0 -12"><span class='ocrx_word' id='word_1_147' title='bbox 670 1897 787 1940; x_wconf 79' lang='lat' dir='ltr'>Sponsa</span> <span class='ocrx_word' id='word_1_148' title='bbox 803 1897 878 1935; x_wconf 81' lang='lat' dir='ltr'>Dei3</span> <span class='ocrx_word' id='word_1_149' title='bbox 902 1896 1042 1938; x_wconf 86' lang='lat' dir='ltr'>queritur</span> <span class='ocrx_word' id='word_1_150' title='bbox 1058 1897 1126 1935; x_wconf 86' lang='lat' dir='ltr'>ista,</span> <span class='ocrx_word' id='word_1_151' title='bbox 1143 1897 1196 1928; x_wconf 89' lang='lat' dir='ltr'>sed</span> <span class='ocrx_word' id='word_1_152' title='bbox 1212 1897 1265 1928; x_wconf 85' lang='lat' dir='ltr'>illa</span> <span class='ocrx_word' id='word_1_153' title='bbox 1281 1897 1374 1929; x_wconf 87' lang='lat' dir='ltr'>canit.</span> 
     </span>
     <span class='ocr_line' id='line_1_28' title="bbox 627 1952 1505 1996; baseline 0.002 -14"><span class='ocrx_word' id='word_1_154' title='bbox 627 1952 709 1991; x_wconf 82' lang='lat' dir='ltr'>Quid</span> <span class='ocrx_word' id='word_1_155' title='bbox 725 1952 842 1990; x_wconf 78' lang='lat' dir='ltr'>deceat,</span> <span class='ocrx_word' id='word_1_156' title='bbox 860 1952 937 1994; x_wconf 81' lang='lat' dir='ltr'>quid</span> <span class='ocrx_word' id='word_1_157' title='bbox 952 1963 1026 1989; x_wconf 85' lang='lat' dir='ltr'>non,</span> <span class='ocrx_word' id='word_1_158' title='bbox 1043 1953 1187 1994; x_wconf 86' lang='lat' dir='ltr'>pandunt</span> <span class='ocrx_word' id='word_1_159' title='bbox 1202 1954 1345 1996; x_wconf 79' lang='lat' dir='ltr'>exempla</span> <span class='ocrx_word' id='word_1_160' title='bbox 1358 1953 1505 1993; x_wconf 70' lang='lat' dir='ltr'>vicissim,</span> 
     </span>
     <span class='ocr_line' id='line_1_29' title="bbox 671 2008 1193 2039; baseline 0 -1"><span class='ocrx_word' id='word_1_161' title='bbox 671 2008 761 2039; x_wconf 84' lang='lat' dir='ltr'>Verae</span> <span class='ocrx_word' id='word_1_162' title='bbox 776 2008 903 2039; x_wconf 83' lang='lat' dir='ltr'>virtutis</span> <span class='ocrx_word' id='word_1_163' title='bbox 918 2014 953 2038; x_wconf 91' lang='lat' dir='ltr'>ut</span> <span class='ocrx_word' id='word_1_164' title='bbox 970 2014 1111 2038; x_wconf 86' lang='lat' dir='ltr'>teneatur</span> <span class='ocrx_word' id='word_1_165' title='bbox 1126 2008 1193 2039; x_wconf 85' lang='lat' dir='ltr'>iter.</span> 
     </span>
     <span class='ocr_line' id='line_1_30' title="bbox 544 2063 1404 2106; baseline 0 -11"><span class='ocrx_word' id='word_1_166' title='bbox 544 2064 621 2096; x_wconf 43' lang='lat'>1555</span> <span class='ocrx_word' id='word_1_167' title='bbox 634 2064 767 2095; x_wconf 86' lang='lat' dir='ltr'>Pristina</span> <span class='ocrx_word' id='word_1_168' title='bbox 780 2075 851 2095; x_wconf 91' lang='lat' dir='ltr'>eum</span> <span class='ocrx_word' id='word_1_169' title='bbox 867 2063 962 2106; x_wconf 82' lang='lat' dir='ltr'>gestis</span> <span class='ocrx_word' id='word_1_170' title='bbox 977 2063 1126 2094; x_wconf 79' lang='lat' dir='ltr'>intersero</span> <span class='ocrx_word' id='word_1_171' title='bbox 1137 2071 1223 2106; x_wconf 82' lang='lat' dir='ltr'>gesta</span> <span class='ocrx_word' id='word_1_172' title='bbox 1239 2064 1404 2101; x_wconf 83' lang='lat' dir='ltr'>modernis,</span> 
     </span>
     <span class='ocr_line' id='line_1_31' title="bbox 672 2119 1422 2162; baseline -0.001 -11"><span class='ocrx_word' id='word_1_173' title='bbox 672 2121 757 2151; x_wconf 86' lang='lat' dir='ltr'>Dant</span> <span class='ocrx_word' id='word_1_174' title='bbox 773 2121 930 2151; x_wconf 81' lang='lat' dir='ltr'>lavacrum</span> <span class='ocrx_word' id='word_1_175' title='bbox 946 2120 1057 2150; x_wconf 80' lang='lat' dir='ltr'>nostris</span> <span class='ocrx_word' id='word_1_176' title='bbox 1073 2119 1310 2162; x_wconf 82' lang='lat' dir='ltr'>antidotumque</span> <span class='ocrx_word' id='word_1_177' title='bbox 1325 2120 1422 2151; x_wconf 83' lang='lat' dir='ltr'>malis.</span> 
     </span>
     <span class='ocr_line' id='line_1_32' title="bbox 630 2175 1366 2221; baseline -0.001 -14"><span class='ocrx_word' id='word_1_178' title='bbox 630 2176 783 2208; x_wconf 85' lang='lat' dir='ltr'>Historias</span> <span class='ocrx_word' id='word_1_179' title='bbox 799 2175 925 2207; x_wconf 75' lang='lat' dir='ltr'>condire</span> <span class='ocrx_word' id='word_1_180' title='bbox 941 2187 1050 2221; x_wconf 73' lang='lat' dir='ltr'>graves</span> <span class='ocrx_word' id='word_1_181' title='bbox 1066 2175 1229 2218; x_wconf 85' lang='lat' dir='ltr'>disgressio</span> <span class='ocrx_word' id='word_1_182' title='bbox 1244 2187 1366 2206; x_wconf 88' lang='lat' dir='ltr'>morum</span> 
     </span>
     <span class='ocr_line' id='line_1_33' title="bbox 672 2230 1342 2274; baseline -0.003 -10"><span class='ocrx_word' id='word_1_183' title='bbox 672 2231 828 2269; x_wconf 88' lang='lat' dir='ltr'>Cernitur,</span> <span class='ocrx_word' id='word_1_184' title='bbox 845 2238 879 2261; x_wconf 86' lang='lat' dir='ltr'>ut</span> <span class='ocrx_word' id='word_1_185' title='bbox 896 2230 1003 2262; x_wconf 78' lang='lat' dir='ltr'>condit</span> <span class='ocrx_word' id='word_1_186' title='bbox 1019 2230 1134 2261; x_wconf 81' lang='lat' dir='ltr'>fereula</span> <span class='ocrx_word' id='word_1_187' title='bbox 1149 2238 1230 2262; x_wconf 85' lang='lat' dir='ltr'>secta</span> <span class='ocrx_word' id='word_1_188' title='bbox 1245 2243 1342 2274; x_wconf 85' lang='lat' dir='ltr'>sapor.</span> 
     </span>
     <span class='ocr_line' id='line_1_34' title="bbox 597 2279 1471 2330; baseline -0.001 -11"><span class='ocrx_word' id='word_1_189' title='bbox 597 2279 605 2281; x_wconf 22' lang='lat' dir='ltr'>i</span> <span class='ocrx_word' id='word_1_190' title='bbox 632 2287 777 2319; x_wconf 84' lang='lat' dir='ltr'>Planctus</span> <span class='ocrx_word' id='word_1_191' title='bbox 791 2286 980 2329; x_wconf 88' lang='lat' dir='ltr'>multiplicat</span> <span class='ocrx_word' id='word_1_192' title='bbox 996 2286 1124 2328; x_wconf 89' lang='lat' dir='ltr'>primus,</span> <span class='ocrx_word' id='word_1_193' title='bbox 1141 2298 1304 2330; x_wconf 87' lang='lat' dir='ltr'>causasque</span> <span class='ocrx_word' id='word_1_194' title='bbox 1320 2288 1471 2319; x_wconf 87' lang='lat' dir='ltr'>secundus</span> 
     </span>
     <span class='ocr_line' id='line_1_35' title="bbox 673 2341 1414 2386; baseline 0.001 -12"><span class='ocrx_word' id='word_1_195' title='bbox 673 2343 748 2374; x_wconf 87' lang='lat' dir='ltr'>Fert</span> <span class='ocrx_word' id='word_1_196' title='bbox 763 2342 851 2380; x_wconf 80' lang='lat' dir='ltr'>liber,</span> <span class='ocrx_word' id='word_1_197' title='bbox 869 2341 1015 2373; x_wconf 72' lang='lat' dir='ltr'>effectum</span> <span class='ocrx_word' id='word_1_198' title='bbox 1031 2341 1170 2384; x_wconf 79' lang='lat' dir='ltr'>publicat</span> <span class='ocrx_word' id='word_1_199' title='bbox 1185 2343 1260 2374; x_wconf 87' lang='lat' dir='ltr'>ordo</span> <span class='ocrx_word' id='word_1_200' title='bbox 1276 2355 1414 2386; x_wconf 82' lang='lat' dir='ltr'>sequens.</span> 
     </span>
    </p>
   </div>
  </div>
 </body>
</html>
