2105 2871
896 437 1094 463 JOHANNIS
1112 438 1165 463 DE
1186 439 1420 464 GARLANDIA

653 518 736 561 Saepe
753 519 825 550 facit
840 519 957 550 facinus
973 520 1115 558 famulus,
1133 521 1215 563 quod
1231 533 1294 552 non
1310 521 1383 552 facit
1397 521 1486 552 heros

691 575 756 606 Nee
768 575 869 616 jubet,
885 575 957 606 inde
974 582 1076 607 tamen
1093 576 1210 608 crimen
1226 577 1338 608 habere
1354 583 1460 620 potest.

651 629 790 661 Concilio
807 631 909 661 medio
925 642 1020 661 saevus
1036 631 1116 673 rapit
1132 643 1215 663 arma
1231 633 1359 670 satelles,

696 684 909 727 Legatumque
926 685 995 716 ferit
1010 686 1223 729 interimitque
1238 687 1336 729 pium.

653 740 787 771 Laneeat
803 740 876 771 huic
893 748 999 783 pectus
1014 752 1146 779 sacrum,
1163 742 1237 772 duni
1254 742 1361 773 mortis
1377 744 1409 774 in
1427 744 1499 774 hora

696 796 815 827 Profert
831 797 898 834 ista,
917 801 936 814 ‘⁶
947 797 1030 827 Deus
1046 797 1085 828 sit
1101 798 1291 835 benedictus,
1309 799 1427 830 amen.’'

653 852 787 884 Nomine
803 853 851 883 vir
868 853 977 884 Petrus
995 853 1079 884 Petri
1094 853 1154 884 fuit
1170 854 1223 884 ille
1238 854 1320 885 beati

696 907 843 945 Nuntius,
861 914 891 938 et
908 908 1031 939 Christo
1047 919 1078 939 se
1095 908 1181 940 dedit
1196 909 1260 951 ipse
1276 916 1377 951 petrae.

654 962 700 992 De
716 969 812 993 castro
829 962 888 993 fuit
903 963 955 994 ille
971 975 1063 1001 novo,
1081 963 1118 994 de
1133 970 1256 1006 pectore
1273 971 1404 996 castrum

697 1019 823 1049 Fecerat
839 1019 984 1058 ecelesiae‚
1001 1026 1084 1051 stans
1098 1020 1131 1050 in
1148 1032 1247 1063 agone
1262 1021 1359 1063 pugil.

657 1075 723 1105 Istis
739 1074 862 1111 auditis,
879 1075 994 1106 insanit
1011 1075 1120 1114 Roma,
1137 1087 1278 1107 cruorem

698 1130 726 1161 U
730 1130 813 1161 leisc-i
829 1130 930 1161 fusum
946 1142 1025 1172 papa
1041 1131 1149 1173 suique
1165 1131 1298 1162 student.

655 1185 743 1216 chl
760 1186 906 1228 quoniam
923 1193 1018 1217 cessat
1034 1193 1123 1217 terrae
1139 1186 1293 1228 promotio
1309 1194 1429 1226 sanetae,

698 1241 810 1271 Armat
826 1241 900 1272 dum
917 1241 1025 1284 populi
1040 1249 1147 1284 peetus
1162 1242 1265 1285 imago
1281 1243 1388 1274 erucis.

657 1297 735 1327 Sunt
752 1299 855 1338 procul
874 1297 968 1328 exciti
984 1297 1077 1328 variis
1093 1297 1131 1328 de
1147 1298 1287 1340 partibus
1303 1299 1394 1337 orbis,

699 1356 781 1391 Quos
796 1353 1036 1395 cruce-signatos
1053 1353 1139 1385 ducit
1154 1354 1192 1384 ad
1205 1366 1288 1385 arma
1303 1353 1388 1386 fides.

656 1408 724 1439 Istis
741 1408 907 1450 praeficitur
922 1409 1014 1440 abbas
1031 1409 1208 1447 Cistereius,
1226 1416 1257 1440 et
1273 1410 1338 1441 dux

698 1459 897 1501 Burgumlus,
915 1461 1042 1492 comites
1058 1461 1145 1503 signa
1162 1461 1259 1492 tulere
1275 1473 1337 1492 sua.

658 1516 805 1546 Excludit
822 1523 947 1547 cunctos
964 1517 1063 1548 clausa
1079 1517 1209 1548 statione
1226 1517 1364 1555 Bitenis,

698 1572 880 1603 carcassona
898 1579 984 1603 tenet
1000 1573 1113 1604 moenia
1129 1573 1230 1604 clausa
1246 1585 1310 1604 sua.

656 1627 791 1658 Hostiles
807 1638 919 1657 euneos
936 1627 1055 1658 munita
1073 1627 1204 1658 Tholosa
1219 1628 1339 1670 repellit

700 1682 832 1720 Robore,
849 1683 1001 1713 consentit
1016 1683 1088 1714 urbs
1104 1683 1279 1725 Agenensis
1294 1684 1332 1714 ei.

656 1739 704 1770 Ne
720 1734 864 1769 dominus
880 1745 967 1769 terrae
983 1738 1176 1770 dominatum
1194 1739 1320 1781 perdere
1336 1741 1430 1782 possit

703 1794 821 1832 Obstat,
840 1794 1006 1825 defendens
1017 1795 1068 1835 jus
1084 1795 1166 1836 quod
1183 1794 1295 1826 habere
1310 1802 1408 1838 putat.

661 1852 740 1881 Sunt
756 1850 800 1880 ibi
817 1850 958 1880 concives
970 1850 1057 1891 justi,
1075 1850 1232 1892 validique
1248 1851 1361 1888 coloni,

703 1905 848 1936 Proxima
865 1905 917 1936 sed
932 1905 1017 1948 puris
1032 1905 1091 1936 faex
1106 1905 1232 1937 inimica
1247 1914 1348 1938 nocet.

661 1963 765 1993 Muros
781 1961 898 1993 balistis
914 1962 1091 1992 corroborat
1107 1962 1217 1999 Albia;
1234 1968 1331 1993 castra

703 2017 818 2049 Caetera
834 2017 908 2059 quid
926 2017 1035 2055 dicam,
1054 2017 1143 2048 fortia
1159 2028 1288 2060 quaeque
1304 2018 1374 2049 situ.

661 2073 767 2104 Fortia
783 2080 879 2104 castra
896 2085 995 2104 eomes
1012 2073 1037 2103 F
1041 2073 1176 2111 uxensis,
1194 2073 1284 2103 sortia
1300 2073 1415 2105 claudit

705 2129 765 2168 Qui
784 2129 1001 2160 Convenarum
1019 2128 1140 2171 colligit
1155 2140 1240 2158 arma
1255 2140 1370 2160 eomes.

663 2185 803 2216 Eeclesiae
819 2185 927 2215 elausae
942 2184 1056 2215 multos
1071 2184 1182 2215 siluere
1196 2195 1251 2226 per
1266 2196 1372 2223 annos,

705 2241 746 2272 Et
760 2241 801 2271 sie
817 2241 962 2271 liaereseos
977 2240 1076 2271 erevit
1091 2240 1196 2282 inepta
1213 2251 1307 2283 seges.

662 2297 733 2327 Non
749 2303 851 2327 tamen
869 2296 901 2326 in
918 2295 1037 2326 eunetis
1051 2295 1185 2332 habitam
1210 2295 1263 2326 sed
1278 2295 1334 2326 sub
1350 2296 1486 2328 saliunca

705 2351 776 2382 Flet
792 2363 868 2387 rosa,
886 2351 941 2381 sub
957 2351 1047 2393 lappa
1063 2351 1127 2382 lilia
1143 2351 1211 2382 laesa
1227 2351 1341 2382 dolent.
