2105 2871
247 1260 263 1287 ss
284 1260 419 1289 Dejnstitia.
432 1260 493 1288 regis

249 1293 385 1321 Dagoherti,
397 1292 500 1321 exempli

246 1333 322 1347 Pausa.

245 1591 265 1616 'J
287 1591 321 1612 De
333 1591 436 1620 praelatis
455 1591 551 1620 quibus-

246 1624 310 1650 dnm,
323 1624 364 1652 qui
377 1624 465 1646 debent
478 1624 521 1646 niti

245 1656 273 1677 ad
287 1664 376 1685 pacem.

572 389 620 423 36

889 401 1088 428 JOHANNIS
1106 403 1159 428 DE
1179 403 1416 430 GARLANDIA

660 481 760 524 Reges
775 484 957 524 expandunt
972 485 1098 521 vexilla,
1116 486 1255 528 ferosque
1271 487 1433 519 refraenant

702 538 900 582 Cornipedes,
917 540 1048 571 tondent
1059 541 1211 583 gramina,
1229 543 1309 573 veris
1325 555 1411 585 opes;

659 594 819 626 Caesariein
836 596 955 627 Cereris
970 604 1104 628 resecant
1121 604 1151 628 et
1162 598 1287 630 brachia
1305 599 1430 637 Bacchi,

702 650 781 681 Cum
798 663 883 693 seges
899 653 1094 694 opprimitur,
1111 660 1265 696 strataque
1281 655 1353 686 vitis
1369 656 1444 687 obit.

659 704 804 747 Pauperis
820 707 949 749 eripitur
963 707 1074 746 victus,
1092 709 1167 739 dum
1183 715 1321 752 tempora
1337 711 1426 743 flores

702 760 893 800 Producunt,
911 763 1014 794 miseri
1029 765 1165 795 marcida
1180 765 1244 796 vita
1259 767 1348 808 perit.

660 816 739 847 Belli
755 817 904 849 clamosus
919 831 1017 861 praeco
1033 819 1120 850 dolor
1136 820 1257 852 intonat
1273 823 1363 864 agris,

702 872 903 915 Evacuatque
918 874 994 911 vias,
1011 881 1122 917 strage,
1139 876 1260 914 timore,
1278 889 1363 910 sono.

661 926 798 968 Regibus
815 935 860 958 est
870 928 991 968 jactura
1006 929 1118 967 minor,
1136 931 1161 961 si
1177 931 1279 962 sorbet
1295 933 1441 964 Avernus

702 983 821 1014 Exutas
836 984 962 1022 animas,
978 985 1177 1028 membraque
1192 987 1275 1018 nuda
1286 988 1400 1029 jacent.

660 1037 801 1069 Ecclesiae
817 1039 942 1070 decimae
957 1047 1099 1082 pereunt,
1116 1042 1230 1073 oblatio
1247 1044 1351 1075 erebra

701 1094 772 1124 Non
789 1094 890 1133 datur,
908 1104 1042 1127 emarcet
1057 1109 1179 1139 pascua,
1196 1099 1325 1141 languet
1341 1101 1414 1132 ovis.

659 1149 821 1192 Presbyter
837 1152 910 1182 exul
926 1160 1007 1195 eget,
1024 1154 1092 1195 quis
1108 1155 1267 1198 episcopus
1284 1157 1387 1199 arguit
1403 1158 1483 1200 ipsos

702 1205 814 1248 Reges,
832 1207 900 1249 quis
916 1220 1037 1239 eausam
1054 1210 1215 1252 ponderat,
1232 1224 1318 1254 aequa
1334 1213 1466 1255 probat?

660 1262 842 1300 Quaerebant
857 1264 992 1295 animam
1011 1265 1183 1307 Dagoberti
1198 1268 1279 1310 regis
1296 1269 1418 1301 Averni

702 1318 868 1356 Praecones,
884 1320 970 1351 illam
987 1332 1048 1351 non
1065 1321 1200 1354 habuere
1215 1330 1329 1355 tamen.

657 1373 786 1405 Fecerat
801 1375 960 1406 ecelesiam
978 1388 1044 1419 quae
1060 1379 1265 1419 praecensebat
1280 1379 1396 1422 iniquis

701 1431 848 1468 Actibus3
866 1443 883 1462 o
899 1443 996 1474 reges,
1014 1433 1129 1475 templa
1145 1441 1249 1476 parate
1267 1435 1342 1466 Deo.

658 1486 717 1516 Pro
734 1487 850 1529 templo
867 1487 924 1518 tibi
940 1495 1126 1526 constructo,
1144 1501 1226 1521 sacer
1241 1502 1259 1521 0
1277 1491 1408 1526 Dionisi,

701 1542 826 1574 Rectius
842 1544 881 1574 ad
896 1544 1006 1575 libram
1023 1545 1170 1588 principis
1187 1553 1253 1577 acta
1270 1559 1368 1578 vocas.

658 1598 790 1637 Quidam
808 1599 923 1641 praelati
938 1608 1138 1643 propugnant
1154 1602 1278 1633 canonis
1294 1614 1375 1640 ense,

702 1654 770 1693 Quo
786 1666 939 1693 nummos,
958 1668 1096 1696 mannos,
1112 1658 1236 1700 praedia,
1254 1671 1336 1697 vasa,
1354 1666 1470 1691 tenent.

658 1709 779 1740 Praelati
794 1711 918 1752 praelata
933 1718 1033 1754 potest
1049 1713 1147 1755 elegia
1163 1714 1236 1752 dici,

701 1765 761 1804 Qui
777 1766 857 1797 male
873 1767 1028 1810 dispensat
1044 1769 1157 1800 tradita
1173 1770 1252 1801 dona
1270 1771 1344 1809 Dei;

658 1821 711 1851 Nil
727 1821 840 1864 logico,
858 1823 902 1853 nil
917 1825 1121 1866 grammatico
1138 1825 1234 1864 dabit,
1252 1826 1350 1858 immo
1366 1830 1489 1860 canenti

701 1877 867 1915 Gareifcm,
884 1880 991 1921 populi
1008 1892 1098 1922 quem
1111 1881 1203 1922 jubet
1218 1894 1280 1913 esse
1297 1890 1424 1925 patrem.

657 1932 805 1963 Burnello
822 1933 930 1964 calices
945 1935 1074 1973 confert,
1091 1936 1199 1968 altaria
1215 1949 1319 1979 porco,

702 1988 794 2030 Septa
810 1989 894 2031 lupo,
912 1991 999 2033 vulpi
1011 1991 1093 2032 jura,
1110 1993 1280 2036 stolamque
1297 2006 1396 2037 capro.

658 2044 779 2075 Noctua
795 2048 851 2076 sub
867 2046 921 2076 tali
937 2046 1067 2088 phoenix
1083 2056 1128 2079 est
1140 2049 1257 2090 judice,
1275 2051 1394 2088 corniX‚

700 2100 793 2137 Pavo,
811 2100 868 2138 leo,
887 2108 988 2141 taxus,
1004 2104 1112 2146 tapsia,
1129 2105 1229 2147 tigris,
1247 2106 1320 2137 ovis.

656 2156 742 2187 Inter
757 2157 897 2198 praelatos
913 2164 943 2189 et
958 2170 1045 2200 reges
1061 2160 1157 2191 bestia
1172 2161 1241 2192 talis

700 2211 791 2242 Vivit
806 2212 972 2252 adulatrix,
990 2215 1162 2258 blandaque
1178 2216 1287 2248 lambit
1302 2229 1360 2248 eos.

657 2267 765 2310 Magni
782 2268 921 2299 doctores
936 2269 1031 2313 rigidi
1047 2270 1140 2302 nimis
1155 2283 1225 2302 ense
1241 2272 1400 2304 minantur

700 2324 867 2362 Canonico,
885 2325 1000 2357 feriunt
1015 2326 1260 2370 interimuntque
1277 2329 1381 2360 bonos
