2105 2871
278 1017 293 1047 S
304 1019 338 1044 8⁷2⁴

562 439 614 464 DE
633 435 857 464 TRIUMPHIS
876 433 1073 459 ECCLESIAE
1093 432 1206 457 LIBRI
1226 431 1308 456 SEX.

430 523 552 564 Lingua
568 528 700 557 tumens,
718 524 826 549 venter
841 517 1003 552 distentus,
1020 514 1123 546 tabida
1141 513 1239 556 pellis,

471 577 540 608 Oris
554 576 663 619 pallor,
680 575 772 606 hebes
787 579 907 616 gustus,
923 571 1033 602 anhela
1048 570 1123 600 sitis.

429 632 573 664 Flumina
589 630 733 662 nonnulli
748 629 878 661 credunt
894 627 1007 658 infecta
1023 637 1153 662 veneno,

471 689 585 719 Fontes
601 694 632 719 et
646 693 765 729 puteOS‚
783 684 907 721 fercula,
924 694 1006 720 vasa,
1023 693 1154 712 merum.

428 745 484 775 His
501 744 598 775 causis
613 743 713 785 largas
728 753 807 783 vaga
820 751 902 771 mors
918 737 1060 770 extendit
1076 737 1221 773 habenas,

472 800 569 842 Inque
584 798 642 829 viis
658 797 768 828 mediis
784 807 911 838 corpora
926 801 1010 824 mota
1025 793 1148 824 cadunt.

428 856 550 886 Funera
566 854 622 884 vix
637 853 765 896 capiunt
780 851 926 887 tentoria;
944 849 1018 880 dum
1035 848 1121 879 videt
1137 860 1210 890 ergo

471 910 617 952 Princeps
631 908 817 950 bellipotens
832 907 900 944 ista,
916 904 1049 936 reflectit
1064 904 1130 934 iter.

428 967 501 1005 Quae
516 976 619 996 secum
636 963 729 1006 gessit
744 962 938 993 oloflammea
956 960 1087 991 Karolus
1103 960 1187 996 olim,

469 1022 559 1053 Clara
574 1025 767 1062 reponuntur
783 1019 858 1049 dum
874 1018 948 1048 nive
963 1024 1053 1048 canet
1068 1017 1186 1059 hyems.

428 1078 569 1120 Pugnam
582 1074 743 1118 pontifices
758 1080 829 1105 sunt
844 1073 969 1115 quidam
986 1084 1060 1116 pace
1075 1073 1171 1104 secuti

473 1131 654 1173 proscripta,
671 1141 778 1172 pacem
794 1140 851 1159 nec
866 1139 1006 1170 reparare
1022 1128 1156 1158 student.

429 1188 474 1218 De
490 1199 600 1230 regum
616 1186 753 1218 bonitate
770 1184 857 1215 venit
872 1184 955 1226 quod
971 1195 1045 1226 pace
1061 1190 1213 1226 sequestra

472 1244 615 1274 Armatas
631 1241 709 1272 acies
725 1241 812 1282 signa
828 1240 939 1271 referre
950 1240 1072 1280 jubent.

431 1299 562 1330 Parisius
577 1304 677 1329 rector
692 1296 792 1327 varios
807 1296 966 1327 interritus
981 1295 1069 1326 audit

473 1355 632 1390 Rumms,
649 1353 757 1395 palmae
773 1363 918 1394 spemque
934 1351 1089 1394 fidemque
1106 1358 1222 1382 tenens.

422 1411 507 1442 Hinc
523 1408 714 1451 Albigcnsis,
731 1407 805 1439 hinc
823 1407 967 1438 Tartarus
982 1419 1066 1438 arma
1082 1407 1221 1444 resumit,

473 1466 513 1496 Et
530 1465 609 1496 ferus
625 1463 783 1496 ecclesiam
800 1463 883 1494 laedit
898 1469 1027 1506 uterque
1043 1475 1168 1494 sacram.

431 1521 619 1552 Enucleatus
635 1519 693 1550 erit
709 1530 792 1550 error
807 1519 892 1561 prius
908 1518 1032 1556 Albius,
1049 1525 1135 1561 optat

472 1577 668 1619 Melpomene
685 1575 802 1616 tragica
817 1586 957 1617 promere
973 1580 1058 1616 gesta
1074 1573 1167 1609 mihi;

429 1633 526 1664 Venit
541 1633 574 1663 in
590 1632 721 1674 exiguos
736 1631 839 1672 elegos
854 1630 964 1672 elegia,
980 1641 1103 1660 carmen

472 1687 595 1719 Grande
610 1687 689 1717 mihi
705 1685 816 1717 mundi
831 1685 962 1716 crimina
978 1684 1051 1716 flere
1067 1691 1164 1716 vacat.

431 1744 600 1786 Extirpans
614 1742 736 1773 haeresis
752 1741 870 1772 radices
888 1741 1005 1773 Gallica
1022 1741 1132 1778 virtus,

472 1800 609 1831 Roborat
624 1810 708 1829 arma
723 1797 795 1835 fide,
812 1797 949 1840 protegit
965 1808 1037 1828 ense
1052 1796 1157 1827 fidem.

430 1857 485 1887 Est
499 1855 620 1886 haeresis
636 1853 741 1885 cervix
756 1853 862 1895 hydrae
877 1853 1022 1895 capitosa,
1034 1863 1193 1883 renascens

474 1911 617 1943 Herculis
632 1910 671 1941 ad
686 1909 836 1952 gladium,
848 1920 925 1951 saepe
937 1908 989 1939 sed
1004 1908 1065 1938 icta
1080 1907 1170 1950 perit.

432 1968 534 2009 Hujus
550 1967 637 2009 origo
653 1965 727 1996 mali
742 1964 849 1995 multis
864 1964 972 2007 ignota
988 1963 1143 1994 modernis

474 2025 582 2061 Exeat,
599 2029 630 2054 et
645 2021 762 2053 notulis
776 2027 849 2052 nota
865 2021 905 2051 sit
920 2020 973 2051 illa
988 2019 1074 2050 meis.

917 2416 973 2444 ΚΞ

1485 420 1530 457 67
