2105 2871
565 408 637 441 134
900 416 1098 442 JOHANNIS
1118 416 1169 441 DE
1190 415 1426 441 GARLANDIA

653 500 689 529 In
709 500 902 530 Pentecostes
918 507 1025 530 octava
1041 499 1109 530 luce
1124 498 1277 529 subintrat

695 555 781 586 Crux
796 555 915 592 urbem,
932 554 1045 585 residet
1061 554 1159 584 victor
1175 554 1207 584 in
1223 554 1298 585 urbe
1315 566 1377 584 sua.

652 611 805 652 Expectat
820 610 931 641 refluos
947 610 1111 651 autumpni
1128 616 1266 651 tempore
1282 608 1387 640 fluxus

623 656 628 662 ,
694 667 770 703 Nili,
787 666 840 708 qui
856 672 972 707 septem
989 665 1113 696 brachia
1130 665 1210 696 solus
1225 665 1328 696 habet.

651 723 815 764 Temperat
831 721 881 752 hic
897 721 1027 752 calidam
1044 728 1167 758 terram,
1185 720 1340 751 foecundet
1356 727 1386 751 et
1402 720 1498 757 illam,

695 777 743 807 Ex
760 776 862 806 fluviis
875 776 963 813 vivis,
980 787 998 805 o
1016 775 1170 813 Paradise,
1187 775 1259 806 tuis.

651 831 830 873 Philosophi
846 831 1021 873 perhibent,
1041 830 1190 862 Cillenius
1206 832 1306 862 exerit
1322 831 1422 869 illum,

693 888 775 917 Dum
793 887 835 917 sol
852 887 885 917 in
902 898 1011 917 cancro
1027 886 1164 928 dumque
1180 887 1268 918 leone
1283 893 1375 918 meat.

653 944 690 975 Se
706 943 835 974 retrahit
850 955 920 973 eum
936 942 1014 973 libra
1030 954 1117 984 pares
1132 943 1291 985 :equaliter
1307 942 1411 980 horas,

694 999 773 1030 Cum
790 999 891 1030 minor
907 1005 951 1029 est
968 998 1078 1035 fervor,
1095 1010 1187 1040 quem
1204 999 1380 1029 moderatur
1393 997 1514 1040 hyems.

650 1055 717 1085 Rex
733 1061 778 1085 est
793 1054 958 1085 incolumis
974 1060 1005 1084 et
1021 1060 1085 1084 tota
1101 1054 1267 1085 domestica
1280 1054 1384 1091 turba,

695 1112 735 1142 Et
752 1112 857 1142 fratres
872 1112 953 1154 regis
968 1111 1170 1154 prosperitate
1186 1110 1307 1152 vigent.

652 1168 802 1198 Robertus
818 1179 918 1198 comes
934 1166 1104 1204 Attrebati,
1125 1165 1288 1197 Provincia
1304 1171 1391 1207 paret

694 1224 753 1255 Cui
769 1224 907 1261 domino,
926 1224 1058 1254 Karolus
1074 1229 1153 1254 tecta
1169 1220 1293 1252 cedrina
1309 1226 1428 1251 tenent.

652 1281 687 1311 Ι11
704 1293 813 1323 regum
828 1280 908 1311 vasis
924 1280 967 1311 ibi
985 1280 1082 1322 fulget
1093 1279 1199 1321 jaspis,
1217 1277 1350 1314 achates,

694 1336 790 1373 Unio,
807 1335 957 1378 saphirus,
974 1335 1163 1377 crisolitique
1180 1333 1279 1364 decor.

652 1392 810 1423 Fratribus
827 1391 1007 1434 Alphonsus
1023 1396 1166 1434 properat
1181 1400 1366 1425 succurrere,
1384 1388 1497 1429 linquit

696 1447 877 1485 pictaviam,
895 1447 981 1478 ducit
996 1458 1050 1489 per
1066 1457 1149 1476 mare
1164 1445 1268 1481 robur,
1286 1455 1369 1486 opes.

654 1503 838 1534 Guillelmus
856 1502 1079 1544 Longus-ensis
1094 1501 1147 1543 qui
1164 1500 1278 1531 dicitur
1293 1499 1360 1530 exit

697 1559 875 1601 Anglorum
891 1558 978 1595 fines,
993 1564 1024 1588 et
1039 1557 1118 1600 petit
1134 1568 1204 1587 ense
1223 1556 1355 1586 Pharon.

655 1615 681 1647 Ο
698 1615 813 1650 Fratres,
830 1625 976 1656 generosa
992 1624 1112 1649 manus,
1129 1611 1261 1642 caveatis
1276 1611 1309 1641 in
1325 1610 1418 1641 armis

698 1670 795 1702 Vobis
810 1677 840 1700 ct
857 1668 976 1706 vestris,
995 1668 1076 1699 fraus
1092 1668 1166 1698 latet
1182 1674 1254 1698 ante
1270 1666 1372 1709 pedes.

654 1728 750 1758 Fraus
766 1725 876 1756 ancilla
892 1724 984 1760 necis,
1001 1724 1083 1766 quod
1100 1723 1249 1754 abhorreo
1265 1721 1377 1758 dicere,
1395 1721 1482 1751 vobis

699 1782 841 1813 Occultat
855 1781 979 1823 laqueos
995 1779 1180 1820 insidiasque
1197 1790 1273 1809 suas.

657 1839 723 1870 Stet
738 1838 797 1868 nisi
814 1844 913 1868 vester
928 1836 1037 1873 honor,
1054 1835 1206 1866 laetabitur
1222 1833 1346 1876 impilm,
1363 1832 1445 1874 alget

699 1894 735 1924 In
752 1892 858 1923 multis
873 1891 966 1922 hodie
982 1890 1166 1921 mortificata
1183 1889 1267 1920 fides.

656 1950 742 1980 Mille
759 1948 938 1979 ducentenis
954 1948 1111 1989 conjungo
1127 1946 1232 1977 decem
1249 1951 1356 1987 quater
1372 1954 1469 1974 annos

698 2004 840 2047 Virginis
855 2016 871 2034 a
887 2010 988 2046 partu,
1005 2012 1255 2043 eonnumeroque
1271 2011 1395 2035 novem,

657 2062 693 2092 In
709 2061 928 2103 quinquageno
944 2071 1006 2090 sors
1023 2058 1133 2089 flebilis
1149 2056 1261 2088 accidit
1276 2067 1368 2092 anno,

698 2117 810 2148 Tristia
826 2117 877 2148 sed
893 2116 1024 2147 redimet
1039 2121 1178 2157 tempora
1194 2114 1262 2144 laeta
1279 2112 1352 2143 dies.

657 2174 809 2214 Tempore
824 2171 961 2202 moeroris
977 2178 1113 2201 monstro
1130 2169 1233 2200 solatia
1252 2167 1381 2205 moestis;

701 2229 868 2260 Observare
885 2228 972 2259 decet
988 2234 1111 2270 pectora
1127 2232 1233 2256 moesta
1249 2224 1386 2255 modum.

659 2286 739 2325 Quid
757 2285 838 2316 dieat
853 2285 903 2314 vel
919 2291 989 2326 agat
1005 2282 1141 2314 hominis
1157 2293 1253 2318 mens,
1270 2292 1348 2311 caeca
1364 2280 1473 2316 futuri,

701 2342 816 2380 Nescit,
833 2353 900 2383 quae
916 2340 1038 2371 modico
1054 2339 1116 2370 sole
1132 2338 1182 2370 vel
1198 2337 1296 2368 imbre
1313 2342 1426 2378 stupet.
