2105 2871
892 451 1091 477 JOHANNIS
1110 452 1162 477 DE
1182 452 1418 477 GARLANDIA

647 533 707 564 Sed
723 533 828 576 cupidi
844 533 980 575 quidam,
998 535 1051 576 qui
1066 541 1264 577 postposuere
1279 535 1410 565 latenter

687 589 778 620 Falso
789 589 956 630 justitiam,
969 590 1039 630 jme
1049 590 1179 631 jubente
1195 590 1319 621 cadunt.

647 645 765 676 Coelum
783 645 965 688 Burdegalae
981 646 1097 677 feriunt
1113 646 1256 688 clangore
1273 646 1428 683 tubarum,

689 700 897 743 Terrificoque
914 713 988 732 sono
1004 701 1140 743 lingonis
1156 707 1235 732 astra
1251 701 1359 743 quatit.

647 756 708 787 Hic
724 756 816 798 pedes
832 756 991 799 oppositus
1006 756 1116 798 pediti,
1134 768 1204 787 cum
1220 757 1319 788 milite
1335 757 1432 794 miles,

690 812 814 843 Firmus
829 819 907 843 stare
924 812 1010 854 cupit
1026 824 1097 843 cum
1112 824 1184 854 pare
1200 812 1328 854 quisque
1344 824 1407 844 suo.

645 868 717 899 Non
733 869 810 899 bene
826 867 872 905 fit,
888 879 985 909 reges,
1002 867 1092 898 liceat
1106 867 1184 898 mihi
1201 879 1332 909 quaerere
1348 879 1471 905 verum;

689 924 751 955 Cur
767 923 837 954 estis
853 922 959 953 multis
975 934 1029 953 vos
1044 922 1106 953 duo
1123 934 1211 953 causa
1227 922 1330 954 necis?

646 979 710 1010 Vos
726 978 838 1021 gladiis
854 978 958 1009 ambos
975 978 1078 1009 decuit
1094 978 1257 1009 decernere
1273 990 1393 1009 causam

688 1035 785 1072 ‚hu-is,
802 1046 864 1065 non
880 1040 981 1076 partes
996 1033 1187 1076 praecipitare
1204 1033 1288 1064 duas.

645 1090 769 1121 Caesaris
784 1096 816 1121 et
831 1101 917 1132 papae
932 1089 1051 1132 placeat
1066 1089 1170 1120 sedare
1186 1090 1348 1127 tumultus,

689 1145 734 1176 Ut
750 1157 821 1176 cum
837 1157 910 1187 pace
927 1145 1003 1176 duos
1018 1145 1147 1176 foederet
1162 1157 1241 1176 unus
1257 1157 1351 1176 amor.

646 1201 688 1232 Vi
704 1197 753 1232 vel
770 1212 873 1232 amore
889 1201 966 1232 duos
982 1212 1036 1231 vos
1051 1201 1212 1243 pacificare
1228 1200 1360 1239 decebit,

687 1257 786 1288 Filius
802 1263 837 1288 ut
853 1257 979 1299 dempto
996 1257 1147 1299 supplicet
1163 1268 1234 1287 ense
1250 1257 1339 1299 patri.

644 1313 709 1343 Vos
725 1313 813 1344 stilus
827 1312 880 1343 hic
895 1324 1007 1355 parvus
1023 1311 1233 1354 reprehendit,
1250 1312 1367 1343 cartula
1378 1313 1463 1354 juste

687 1368 836 1410 Casffigat,
853 1367 976 1410 gracilis
992 1368 1121 1398 crimina
1138 1367 1241 1410 prodit
1257 1379 1346 1410 apex.

646 1424 711 1455 Vos
726 1432 831 1455 tamen
847 1429 973 1455 excusat
988 1423 1077 1461 ratio,
1095 1430 1196 1466 partes
1211 1423 1284 1465 quia
1299 1430 1428 1454 sumunt-

688 1480 786 1510 Arma
801 1479 879 1517 duae,
896 1479 982 1510 nullo
997 1479 1077 1510 bella
1089 1478 1219 1520 jubente
1235 1478 1322 1509 duee.

646 1536 718 1567 Heu
734 1536 806 1578 quia
823 1535 974 1567 bellorum
990 1540 1155 1577 tempestas
1170 1534 1279 1565 horrea
1295 1534 1364 1565 coeli

690 1591 837 1633 Impediti
853 1597 884 1622 et
899 1602 1010 1621 messes
1026 1590 1157 1620 destruit
1172 1601 1243 1620 ense
1259 1601 1334 1620 suas.

646 1646 770 1689 Ingruit
785 1646 908 1687 injustis
924 1646 1038 1677 inferni
1054 1657 1132 1677 saeva
1148 1645 1292 1688 procella,

690 1702 830 1733 Reddere
846 1702 899 1744 qui
915 1702 1028 1733 nolunt
1043 1707 1141 1744 rapta,
1158 1701 1211 1732 sed
1227 1713 1310 1732 arma
1326 1708 1462 1733 movent.

648 1760 715 1789 Aut
730 1758 789 1789 hoc
805 1764 859 1789 aut
874 1757 968 1788 simili
984 1757 1116 1799 peremit
1131 1756 1292 1799 popularia
1309 1762 1393 1787 metu

688 1813 838 1856 Agmina,
856 1813 931 1844 dum
948 1824 1035 1855 reges
1050 1813 1083 1842 in
1099 1824 1153 1843 sua
1164 1812 1235 1854 jura
1251 1812 1392 1854 probant.

649 1870 698 1901 Sic
714 1869 746 1900 in
763 1868 924 1911 praeteritis
940 1868 1114 1899 determino
1130 1868 1212 1899 bella
1228 1867 1342 1905 futura,

690 1925 763 1964 Quae
779 1924 872 1955 simili
888 1923 965 1955 fient
980 1930 1034 1954 aut
1050 1923 1192 1966 graviore
1207 1923 1311 1954 modo.

647 1984 819 2011 Occurrunt
836 1979 915 2010 acies
930 1990 1045 2021 magno
1061 1979 1248 2016 discrimine,
1265 1979 1354 2020 plura

690 2036 847 2068 Grandine
861 2035 980 2066 vernali
996 2035 1057 2066 tela
1072 2041 1176 2065 coacta
1192 2034 1308 2064 volant.

648 2093 766 2124 Lancea
782 2092 956 2135 pectoribus
971 2091 1114 2129 occurrit,
1131 2091 1218 2132 cujus
1234 2090 1266 2120 in
1282 2090 1346 2121 ictu

689 2149 791 2179 Milite
808 2148 926 2189 dejecto
941 2148 1014 2179 sella
1030 2147 1136 2178 relicta
1152 2152 1250 2178 vacat.

648 2205 790 2235 Vertitur
806 2204 838 2234 in
855 2216 968 2246 gyrum
985 2203 1117 2246 sonipes,
1134 2214 1308 2244 magnoque
1324 2203 1462 2234 tumultu

692 2261 827 2298 Prosilit,
845 2267 874 2291 et
891 2259 1025 2303 phaleris
1040 2258 1146 2290 saevior
1162 2270 1234 2289 arva
1249 2258 1343 2300 petit3

646 2318 752 2348 Fraena
768 2317 871 2348 furens
887 2315 1017 2352 mandit,
1034 2321 1065 2346 et
1081 2326 1223 2357 spumeus
1239 2314 1338 2345 imber
1352 2314 1390 2346 ab
1407 2326 1459 2346 ore

688 2370 818 2410 Desinit,
835 2380 865 2404 et
881 2373 977 2404 fossus
992 2371 1098 2413 saepius
1114 2382 1184 2402 ense
1199 2370 1296 2407 cadit3
