2105 2871
577 415 623 449 10

910 427 1109 452 ,IOHANNIS
1126 427 1180 452 DE
1200 427 1436 452 GARLANDIA

666 508 825 539 Praesentis
838 521 923 552 papae
938 509 981 540 sic
996 521 1082 540 mens
1098 510 1223 540 robusta
1239 517 1381 540 cruentos

708 564 778 595 Non
795 565 907 595 metuit
923 565 1051 607 gladios,
1069 566 1269 608 martyriique
1286 566 1393 596 minas.

665 619 855 650 Francorum
873 621 1015 663 princeps
1031 622 1116 652 nulla
1133 622 1297 652 formidine
1313 621 1386 652 belli

710 676 739 706 A
758 676 882 707 Christo
899 677 995 708 resilit
1011 677 1184 720 militiaque
1201 678 1309 709 crucis.

665 731 779 762 Christi
796 733 881 763 nulla
897 733 994 763 crucis
1010 733 1113 775 gravis
1130 740 1174 764 est
1190 734 1288 775 elegia
1300 735 1396 775 justo,

710 791 776 825 Qua
794 788 864 818 vitae
880 788 997 818 fructus
1014 788 1103 819 dulce
1120 789 1268 830 pependit
1284 801 1369 820 onus.

670 842 750 884 Papa
766 843 873 885 rigore
889 843 986 885 viget,
1005 843 1117 874 cecidit
1134 844 1206 885 quia
1222 844 1336 875 vertice
1353 845 1448 875 fracto

711 898 816 929 Hostis
834 899 894 941 Ely
910 899 1012 941 pueris
1029 911 1082 941 per
1098 900 1148 941 pia
1165 900 1257 930 verba
1274 900 1343 930 suis.

670 953 810 996 Gregorii
827 962 954 996 quartus
972 955 1008 985 In
1027 967 1105 997 papa
1125 955 1302 986 —nocentius
1317 955 1412 986 haeres

712 1009 861 1039 Hostibus
877 1010 1010 1040 occurrit
1026 1010 1153 1041 canonis
1169 1022 1239 1041 ense
1255 1011 1312 1041 sui.

668 1065 849 1095 Coelestinus
864 1065 948 1095 enim
964 1066 1106 1108 praesedit
1122 1073 1259 1108 tempore
1272 1077 1367 1107 parvo
1381 1079 1387 1103 ;

712 1120 794 1158 Quid
811 1119 946 1151 mirum?
968 1128 1126 1163 nequeunt
1142 1128 1219 1152 stare
1236 1121 1351 1152 caduca
1368 1122 1430 1152 diu.

672 1176 799 1218 Spiritui
816 1176 902 1207 labor
918 1177 1081 1214 incumbit,
1099 1189 1168 1208 caro
1185 1178 1258 1208 dum
1275 1178 1387 1208 rationi

714 1232 880 1274 Obstrepit,
899 1239 929 1263 et
944 1232 1023 1264 ratio
1039 1233 1129 1264 fortia
1146 1233 1231 1264 frena
1247 1234 1338 1276 capit.

672 1287 774 1329 Spinis
790 1288 956 1330 urticisque
972 1299 1031 1319 suae
1047 1289 1205 1320 vindictus
1221 1290 1325 1332 abegit

713 1344 820 1374 Carnis
837 1344 1003 1386 pruritum,
1021 1346 1226 1388 daemoniique
1243 1346 1327 1377 stilos

672 1399 707 1429 In
724 1399 822 1441 specie
839 1401 962 1431 merulae
978 1408 1117 1432 sanctum
1134 1402 1346 1433 stimulaverat
1362 1402 1467 1440 hostis,

716 1454 775 1485 Sed
792 1462 898 1486 contra
913 1456 1073 1487 stimulum
1090 1456 1177 1498 spina
1194 1457 1308 1488 ferebat
1324 1469 1423 1499 opem.

674 1509 732 1539 Pro
748 1509 821 1539 fidei
837 1510 939 1551 palma
958 1510 1113 1541 Katerinae
1130 1511 1234 1542 nobile
1251 1523 1361 1554 corpus

716 1563 861 1595 Machina
878 1565 1036 1603 contorsit,
1053 1566 1129 1596 vicit
1145 1574 1177 1597 at
1193 1566 1245 1597 illa
1261 1574 1350 1597 rotas.

674 1619 786 1649 'l'rinus
801 1626 832 1650 et
848 1632 927 1650 unus
943 1621 986 1651 eis
1001 1621 1053 1652 dat
1068 1633 1124 1663 pro
1140 1622 1279 1652 mercede
1292 1622 1497 1664 triumphum,

716 1675 782 1705 Hos
798 1687 868 1706 cum
885 1682 931 1707 ter
947 1677 1036 1707 trinis
1051 1677 1253 1720 glorificando
1270 1678 1380 1710 choris.

674 1729 767 1760 Nunc
782 1741 837 1772 pro
854 1731 981 1761 terrenis
996 1731 1137 1762 homines
1154 1739 1337 1770 mactantur,
1357 1732 1491 1774 Olympo

718 1785 898 1827 Postposito,
916 1787 993 1829 passi
1011 1787 1102 1825 bella,
1118 1786 1251 1829 flagella,
1269 1794 1401 1830 stygem.

676 1841 833 1872 Hactenus
849 1843 968 1873 ostendi
984 1843 1167 1874 comitantes
1182 1856 1267 1874 arma
1283 1844 1410 1881 labore&

719 1897 809 1927 Nunc
825 1897 900 1939 quid
915 1905 1009 1940 agant
1024 1898 1188 1929 hominum
1204 1900 1334 1930 crimina
1350 1898 1423 1930 flere
1435 1911 1520 1930 vaco.

679 1953 836 1995 Exemplis
852 1953 944 1984 variis
959 1954 1121 1996 probitatis
1137 1955 1244 1997 saepius
1259 1955 1376 1992 hortor,

720 2008 767 2039 Ne
784 2009 879 2039 validi
895 2016 1021 2040 teneant
1036 2010 1242 2052 improbitatis
1258 2011 1325 2041 iter.

679 2063 803 2105 Suspiro
820 2063 961 2105 dampnis
978 2076 1044 2106 quae
1060 2065 1164 2107 giguit
1180 2065 1287 2107 iniqua
1303 2065 1426 2107 cupido,

723 2118 789 2156 Qua
805 2118 929 2160 fragiles
944 2126 1026 2150 artus
1043 2131 1124 2150 mors
1140 2119 1318 2161 animasque
1334 2120 1423 2162 rapit.

679 2173 795 2211 Elatus,
812 2173 920 2211 livens,
937 2174 1078 2213 irascens,
1094 2175 1205 2218 segnis,
1222 2187 1341 2212 avarus,

722 2229 902 2268 ventrosus,
916 2230 1067 2272 petulans,
1085 2230 1118 2261 in
1134 2242 1187 2261 sua
1204 2230 1316 2261 damna
1331 2239 1426 2262 ruunt
1445 2245 1451 2268 ;

681 2285 819 2315 Humani
835 2286 955 2327 generis
971 2298 1111 2317 excessus
1126 2286 1229 2329 prodit
1245 2287 1282 2318 ab
1299 2287 1370 2324 illis,

725 2340 811 2371 Sicut
827 2341 858 2371 in
875 2341 935 2372 hiis
951 2342 1046 2384 elegis
1062 2342 1120 2373 fert
1135 2354 1203 2373 mea
1219 2354 1305 2373 musa
1317 2342 1412 2385 prius.
