2105 2871
560 434 612 459 DE
634 433 858 461 TRIUMPHIS
878 433 1076 459 ECCLESIAE
1095 433 1208 458 LIBRI
1227 432 1311 458 SEX.

426 517 485 548 Pro
501 515 634 547 dominis
646 522 732 546 terrae
748 521 935 546 concurrunt
950 515 1074 546 turbine
1090 521 1186 553 vasto,

469 572 528 602 Pro
544 570 671 602 domino
687 570 755 601 coeli
772 570 847 613 quid
863 570 998 602 didicere
1015 569 1101 613 pati?

425 627 496 658 Non
513 626 625 657 metuit
640 625 759 667 gladios
770 627 875 668 jaculo
891 638 997 658 secura
1013 627 1132 658 volanti

466 682 581 712 Wallia
597 681 680 712 nuda
695 682 797 725 pedes,
818 682 920 713 Seotia
935 688 1022 714 curta
1037 688 1133 724 togas,

426 739 504 770 Cum
521 749 635 780 perone
651 744 755 769 tamen
768 738 904 780 agilique
920 750 975 780 per
991 738 1116 781 agmina
1133 748 1223 768 eursu

467 794 551 824 Dum
568 793 695 835 quidam
711 793 844 824 volitant
860 794 989 825 vulnera
1005 793 1091 824 nulla
1107 793 1228 824 timent.

426 849 487 880 Vel
502 861 610 891 sequar
625 849 677 880 hic
692 849 818 887 famam,
836 850 886 881 vel
902 850 930 881 ei
946 850 1115 881 conformia
1131 849 1259 892 fingam,

470 904 638 942 Confiteor,
655 904 790 935 mendax
806 917 844 936 ne
860 906 970 948 prober
986 917 1048 936 esse
1065 905 1142 936 Deo.

427 960 560 1000 Quidam
576 972 632 1003 pro
648 961 750 1003 palma
766 969 918 1003 pugnant,
938 961 1112 1004 famamque
1124 967 1295 1004 sequuntur

468 1017 574 1054 Multi,
591 1028 659 1059 pars
675 1017 806 1048 moritur
821 1017 895 1048 dum
912 1017 970 1049 sibi
984 1017 1069 1048 luera
1084 1017 1172 1060 petit.

427 1072 525 1103 Orant
540 1083 580 1103 ex
595 1084 669 1103 auro
685 1072 820 1103 vitulum
837 1072 948 1114 quibus
964 1079 1009 1104 est
1024 1073 1099 1104 deus
1115 1084 1234 1107 aurum,

468 1128 557 1158 Auro
573 1134 746 1170 pugnantes
761 1134 958 1170 postposuere
974 1127 1085 1159 Deum.

427 1183 507 1214 Tuta
526 1182 711 1225 Lotoringos
727 1183 847 1214 invadit
864 1183 1002 1214 Ybernia
1015 1190 1101 1215 tenso

470 1239 566 1275 Arcu,
583 1250 640 1269 nec
652 1238 745 1281 longe
761 1250 839 1281 gaesa
855 1250 980 1270 recurva
997 1239 1095 1269 timet.

428 1294 553 1325 Ducens
569 1301 744 1337 pugnantes
760 1300 880 1336 pugnat
895 1294 967 1325 licet
983 1294 1045 1325 otia
1061 1294 1164 1332 ducat,

470 1350 684 1393 Indignusque
699 1350 788 1392 piger
804 1356 909 1392 turget
924 1349 1040 1381 honore
1056 1350 1154 1392 probi.

428 1406 576 1437 Boionius
592 1417 693 1436 comes
708 1405 782 1435 hino
797 1411 952 1448 properat,
966 1411 1163 1448 stragemque
1179 1412 1336 1437 cruentam

469 1461 656 1499 Condensat‚
673 1472 817 1503 campum
833 1467 983 1502 purpurat
999 1461 1098 1492 imbre
1114 1461 1215 1492 rubro.

427 1517 555 1548 Viribus
572 1515 705 1559 Hispani
720 1515 800 1546 vires
819 1515 1004 1546 Leieestrius
1020 1527 1125 1547 omnes

470 1572 594 1614 Objicit,
612 1571 786 1614 Hispanum
804 1570 911 1612 dejicit
926 1583 1021 1613 usque
1037 1571 1144 1602 solum.

428 1628 487 1659 Sed
504 1627 595 1659 citius
610 1627 710 1670 surgit
724 1627 906 1670 hostemque
918 1627 1057 1670 requirit,
1075 1635 1107 1658 at
1122 1628 1174 1659 ille

470 1683 605 1721 Prosilit,
621 1689 657 1714 ut
673 1683 762 1714 sociis
776 1683 886 1714 robore
898 1689 1020 1725 praestet
1036 1695 1136 1726 opem.

426 1740 646 1783 Magnanimus
661 1739 743 1770 cadit
758 1739 791 1769 in
804 1738 894 1776 bello,
911 1738 1057 1770 timidum
1075 1739 1168 1770 timor
1184 1739 1292 1776 aufert,

468 1795 535 1826 Nee
550 1795 688 1837 sequitur
702 1794 803 1837 logice
819 1794 844 1825 si
859 1794 953 1832 eadit,
970 1806 1044 1836 ergo
1061 1794 1159 1825 timet.

426 1851 606 1882 Barrensem
622 1850 707 1881 varia
722 1850 910 1892 gaudentem
923 1849 1004 1881 caede
1021 1850 1041 1881 d
1046 1849 1200 1881 ohannem

470 1906 585 1938 Cancia
601 1918 665 1938 non
681 1906 808 1949 patitur,
826 1906 879 1937 sed
894 1906 970 1937 furit
985 1906 1109 1949 hucque
1125 1906 1217 1937 volat.

427 1962 488 1994 Cor
499 1961 579 1992 mihi
593 1962 756 2005 complosis
772 1963 897 2005 pulsant
913 1963 1042 2005 suspiria
1058 1962 1179 2005 palmis,

469 2017 492 2049 J
494 2029 588 2060 ugera
604 2018 679 2049 dum
699 2028 827 2055 cessant,
845 2019 958 2050 viscera
976 2019 1076 2050 cultor
1091 2025 1164 2050 arat.

427 2074 566 2116 Agmina
582 2075 635 2117 qui
651 2081 802 2112 sternunt,
819 2075 872 2118 qui
889 2082 1010 2106 vastant
1025 2087 1105 2113 rura,
1122 2075 1255 2106 relidaut

473 2130 523 2161 Sic
540 2130 681 2169 Charras,
699 2131 884 2174 Memphim,
905 2131 1102 2173 Niliacosque
1118 2131 1220 2162 duces.

429 2185 499 2217 Huc
515 2186 611 2229 agiles
628 2186 767 2225 Cumbri,
785 2199 860 2229 quos
876 2187 989 2230 frigida
1006 2187 1153 2218 Cumbria
1169 2187 1263 2225 misit,

472 2240 656 2279 Occurrunt,
672 2242 785 2273 framea
802 2243 903 2273 munit
921 2250 951 2274 et
966 2249 1064 2273 armat
1080 2254 1140 2274 eos.

428 2296 570 2328 Cumbris
585 2304 750 2328 occurrunt
765 2298 867 2340 alpina
880 2298 956 2329 falce
971 2298 1134 2336 Gebennae,

473 2353 514 2384 Et
529 2360 595 2385 toto
610 2353 680 2385 nisu
698 2354 814 2386 Gallica
830 2355 918 2397 signa
934 2354 1050 2386 fovent.

1485 423 1530 458 61
