2105 2871
273 814 327 838 5'11:

269 1920 323 1944 567

548 446 600 471 DE
619 446 843 471 TRIUMPHIS
862 445 1059 470 ECCLESIAE
1078 445 1191 470 LIBRI
1210 445 1292 469 SEX.

414 529 536 571 Pugnat
551 535 680 570 utraque
696 539 800 565 manu,
818 527 937 564 dextra,
955 527 1034 564 leva,
1050 539 1089 558 ne
1106 526 1246 563 feriatur;

456 584 594 621 Haesitat‚
612 583 759 614 instantes
774 583 875 625 pulsat
890 583 1046 624 utrimque
1062 589 1176 613 tamen.

413 640 457 671 Ut
469 639 612 682 scopulus
627 639 745 681 gemini
762 637 873 669 fluctus
888 638 980 668 maris
995 637 1133 680 undique
1149 638 1269 669 crebros

456 695 567 733 Sentit,
584 701 614 726 et
629 695 783 726 inmotum
800 694 922 725 mobilis
936 694 1020 725 unda
1031 700 1134 731 cavat;

413 750 464 781 Sic
479 757 539 782 stat
553 750 605 782 hic
620 750 766 788 inmotus,
783 757 815 781 et
830 749 938 781 densos
953 749 1065 792 accipit
1080 749 1168 783 ictus.

454 806 561 837 Donec
577 806 615 837 ad
626 806 712 837 hunc
726 806 791 837 nati
803 806 968 848 prosiluere
984 805 1056 837 duo.

414 862 451 893 In
467 873 600 904 quorum
617 861 768 893 Rieardus
783 873 873 904 opem
889 860 974 891 volat
989 860 1114 903 agmine
1130 860 1234 897 denso,

458 918 584 959 Agmen
599 917 763 960 pulvereus
778 923 929 947 monstrat
944 916 1047 947 adesse
1063 916 1182 959 globus.

412 974 528 1016 Regius
543 980 575 1004 at
590 973 714 1015 sanguis
731 973 884 1003 Robertus
899 972 1022 1002 roborat
1038 983 1122 1002 arma

456 1030 657 1067 Francorum,
674 1028 812 1071 sequitur
827 1028 937 1059 martia
954 1034 1055 1058 turma
1071 1027 1191 1059 ducem.

412 1086 527 1118 Contra
544 1085 712 1116 Ricardum
728 1090 871 1127 properat
888 1084 1051 1121 Robertus,
1068 1090 1099 1114 at
1116 1084 1184 1115 illos

456 1142 522 1173 Nec
537 1141 662 1183 sanguis
677 1152 734 1172 nec
746 1152 796 1171 eos
813 1140 874 1171 fata
890 1139 972 1171 coire
987 1139 1101 1170 sinunt.

412 1196 596 1227 Dissuadere
612 1195 706 1233 nefas,
724 1202 754 1225 et
770 1195 922 1225 deterrere
938 1193 1043 1225 fideles

456 1253 485 1283 A
502 1252 589 1283 bellis
605 1251 708 1293 cupio,
721 1251 796 1281 dum
814 1250 875 1281 fera
891 1250 970 1281 bella
986 1262 1071 1281 cano.

412 1309 560 1351 Undique
572 1308 738 1339 densantur
753 1307 843 1345 acies,
856 1313 915 1338 stat
931 1307 963 1337 in
979 1318 1091 1349 aggere
1108 1307 1232 1338 Mavors

455 1364 660 1407 sanguineus,
677 1363 770 1394 scutis
786 1363 878 1394 obvia
893 1370 979 1394 scuta.
994 1369 1129 1405 crepant.

412 1420 544 1452 Ensibus
557 1419 703 1450 oblucent
718 1431 812 1456 enses,
830 1425 861 1449 et
876 1418 1001 1450 brachia
1016 1425 1172 1457 truncant,

455 1476 495 1506 Et
511 1475 612 1518 galeas
628 1474 741 1505 nitidas
757 1474 853 1505 ferrea
865 1474 952 1505 clava
968 1481 1064 1505 cavat.

411 1531 542 1571 Quando
558 1531 673 1562 eadunt
688 1530 843 1573 plangunt
858 1521 992 1572 sponsas,
1009 1536 1156 1572 natosque
1172 1530 1305 1567 relictos⁷

453 1589 560 1625 Arcas,
577 1598 658 1624 vasa,
676 1586 792 1623 thoros,
809 1597 891 1623 rura,
908 1585 1035 1623 falerna,
1053 1585 1170 1617 domos.

410 1644 537 1676 Viscera
551 1644 703 1674 rimantur
719 1643 822 1680 cultri,
834 1642 983 1673 cerebella
999 1654 1128 1681 secures,

453 1700 495 1731 Et
509 1699 617 1743 procul
632 1699 671 1730 ad
686 1705 818 1730 mortem
834 1698 951 1741 spicula
968 1698 1061 1729 densa
1077 1699 1192 1730 volant.

411 1756 610 1799 Quadrupedi
626 1755 800 1798 quadrupes
816 1754 994 1797 opponitur,
1011 1754 1064 1785 ilia
1080 1754 1174 1786 fessus

453 1813 578 1851 Tendit,
595 1813 651 1844 sub
666 1812 792 1843 domino
809 1811 924 1843 viscera
940 1811 1044 1842 fundit
1059 1811 1156 1842 hians.

411 1869 444 1901 Si
460 1875 668 1900 commutatur
678 1869 770 1899 alicui
787 1868 970 1906 dextrarius,
987 1868 1034 1898 illi

406 1966 416 1969 K
455 1924 571 1967 Saepius
586 1924 747 1967 expatians
763 1924 824 1955 fata
840 1924 961 1955 sinistra
976 1923 1065 1966 gerit.

410 1981 494 2012 Inter
511 1980 708 2012 Christicolas
724 1980 797 2011 dum
814 1987 915 2011 tantas
931 1980 1045 2022 colligo
1061 1986 1186 2022 strages,

452 2037 502 2067 Ex
518 2036 614 2067 oculis
629 2043 772 2078 properat
788 2036 921 2078 plurima
937 2042 1028 2078 gutta
1043 2035 1128 2066 meis.

410 2093 447 2123 In
462 2098 549 2123 tanto
565 2091 696 2134 strepitu
711 2092 906 2122 conclamant
923 2091 1089 2128 Vascones,
1107 2091 1164 2121 ista

454 2148 563 2191 Strage
578 2159 658 2179 nove
675 2147 788 2179 Franci
805 2147 913 2178 faedera
929 2147 1024 2178 fracta
1040 2146 1140 2177 luunt.

408 2205 430 2237 J
433 2210 532 2235 ustam
548 2203 720 2234 vindictam
735 2203 787 2246 pia
804 2202 991 2245 Magdalena
1006 2201 1152 2244 requiret,

452 2260 522 2291 Hoc
537 2259 633 2291 seclus
648 2259 681 2290 in
698 2259 774 2290 festo
791 2259 877 2289 triste
893 2258 984 2289 fuisse
1001 2269 1064 2289 suo.

409 2316 542 2347 Lazarus
555 2315 629 2346 huic
641 2315 734 2346 frater
750 2315 893 2346 Avalone
909 2315 1007 2346 clarus
1023 2314 1055 2344 in
1071 2325 1139 2345 arce

451 2371 633 2414 Burgunda,
650 2376 765 2402 sternet
782 2370 899 2402 Gallica
915 2369 1003 2412 signa
1018 2375 1114 2400 metu.

1469 436 1515 469 63
