2105 2871
567 399 638 432 128
872 408 1070 434 JOHANNIS
1089 409 1140 434 DE
1160 409 1391 435 GARLANDIA

653 489 776 520 Mortua
790 495 895 532 portus
911 502 989 533 aqua
1004 490 1104 522 dictus
1122 491 1304 522 Ludovitica
1320 492 1407 535 signa

698 545 841 588 Suscipit,
859 553 889 577 et
905 547 1011 577 classes
1027 559 1044 577 a
1059 547 1188 578 statione
1209 554 1322 578 movet.

655 601 805 632 Tartareae
820 601 921 643 gentis
938 613 994 632 rex
1010 614 1093 633 sacro
1110 602 1193 633 fonte
1210 604 1326 634 renasci

698 657 810 695 Poscit,
826 658 878 688 sed
894 665 999 689 caveat
1017 658 1132 690 Gallica
1148 666 1248 690 turma
1264 660 1357 690 dolos.

655 712 777 750 Franci,
796 713 969 751 Teutonici,
987 714 1074 751 Daci,
1092 714 1257 745 densantur
1273 722 1303 746 et
1319 715 1429 757 Angli,

699 768 740 798 Et
755 768 817 798 laeti
832 774 918 798 tanto
934 768 989 799 sub
1006 768 1083 799 duce
1098 769 1177 799 bella
1192 776 1312 811 petunt.

656 823 726 854 Rex
741 823 774 853 in
791 823 908 853 divitiis
923 823 1077 866 viridique
1093 824 1247 855 modestus
1262 825 1295 855 in
1310 837 1384 863 aevo,

702 877 789 908 Posse
805 890 893 908 suum
910 885 1010 909 totum
1026 879 1140 920 promit
1156 891 1259 910 amore
1269 881 1374 912 crucis.

658 933 769 964 Hostes
785 933 916 976 ecclesiae
932 940 1043 964 nutant
1059 934 1224 965 formidine
1240 935 1355 973 cuncti,

701 988 837 1026 Quorum
855 987 1023 1031 confringit
1039 1001 1152 1020 cornua
1167 990 1247 1020 fama
1263 990 1360 1021 ducis.

658 1043 807 1074 Historias
823 1055 880 1086 ego
897 1044 1026 1085 majores
1041 1045 1079 1076 ab
1095 1046 1214 1087 origine
1230 1046 1339 1076 mundi

701 1099 882 1138 Pei-strinxi,
900 1107 1035 1142 superest
1051 1101 1116 1132 laus
1131 1102 1196 1132 sine
1212 1101 1272 1132 fine
1292 1102 1398 1133 crucis.

657 1155 752 1186 Bellis
767 1155 863 1186 finitis
878 1162 1009 1198 surgunt
1021 1168 1101 1187 nova
1115 1156 1205 1194 bella,
1222 1168 1279 1187 nec
1294 1156 1347 1187 illa

701 1209 828 1240 Infinita
843 1222 921 1252 queo
938 1211 1057 1242 tradere
1073 1218 1155 1242 certa
1171 1212 1249 1243 stilo.

658 1267 753 1298 Pauci
767 1267 946 1298 christicolae
962 1273 1116 1309 temptant
1132 1267 1293 1307 devincere
1309 1274 1416 1311 gentes

704 1319 894 1357 Innumeras,
911 1320 1011 1356 urbes,
1028 1326 1134 1357 castra,
1152 1331 1281 1356 venena,
1299 1321 1394 1353 do1os.

660 1374 770 1404 Ferrea
786 1385 869 1405 nuno
884 1381 954 1405 aetas
970 1374 1003 1405 in
1019 1375 1125 1406 saecula
1141 1382 1238 1407 terrea
1254 1377 1372 1414 transit,

703 1429 885 1471 Assyriique
902 1430 988 1461 ducis
1003 1437 1153 1461 monstrat
1169 1431 1272 1473 imago
1288 1432 1391 1474 pedes.

661 1485 795 1516 Transiit
810 1486 892 1516 unda
908 1486 986 1524 Noe,
1002 1487 1129 1518 venient
1144 1487 1286 1518 incendia
1302 1489 1428 1527 mundo,

704 1541 789 1583 Ignis
803 1542 948 1584 purgabit
963 1542 1027 1573 haec
1043 1543 1194 1573 elementa
1210 1555 1316 1574 vorax.

662 1597 726 1627 Vos
742 1597 838 1628 crucis
854 1597 998 1639 armigeri
1014 1598 1134 1644 fraudes
1149 1599 1294 1641 virusque
1309 1600 1426 1638 timete,

708 1652 894 1694 Serpentum
910 1653 994 1685 virus
1010 1654 1123 1685 occulit
1137 1654 1231 1685 herba
1247 1655 1358 1687 virens.

667 1709 803 1740 Proditio
819 1709 930 1752 vigilat
947 1709 1029 1741 fusca
1045 1710 1100 1741 sub
1116 1711 1197 1741 nube
1215 1711 1349 1749 latendo,

707 1765 748 1796 Et
764 1766 891 1797 reticere
906 1766 985 1797 mihi
1000 1766 1097 1797 tutius
1113 1778 1175 1798 esse
1190 1774 1274 1809 puto.

664 1820 725 1851 Dat
740 1820 818 1851 inihi
833 1821 945 1863 gaudia
961 1833 1038 1853 crux
1049 1833 1116 1852 mea
1131 1822 1238 1863 gloria,
1256 1834 1333 1853 crux
1348 1835 1415 1854 mea
1427 1824 1533 1861 virtus,

707 1876 793 1907 Crux
808 1876 885 1907 mihi
901 1877 967 1914 lux,
984 1877 1062 1908 mihi
1077 1877 1152 1915 dux,
1166 1878 1240 1915 vita,
1257 1890 1378 1915 corona,
1395 1879 1481 1910 salus.

666 1931 739 1962 Heu
753 1932 851 1962 crucis
866 1932 1032 1975 armigeros
1047 1932 1157 1974 spoliat
1172 1933 1299 1975 piratica
1315 1935 1416 1972 turba,

711 1985 837 2023 Sternit,
854 1993 885 2017 et
900 1987 1023 2025 occidit,
1038 1987 1268 2030 praecipitatque
1280 1989 1366 2019 mari.

668 2041 826 2072 Murmura
842 2042 916 2073 dum
931 2042 1020 2085 vulgi
1035 2042 1073 2073 de
1088 2043 1263 2085 proditione
1278 2044 1429 2083 volutant,

714 2098 847 2129 Incertus
863 2099 1009 2130 scelerum
1026 2099 1103 2130 ferre
1118 2099 1244 2130 timesco
1259 2111 1375 2131 manus.

671 2153 802 2185 Vatibus
818 2154 943 2185 insultat
959 2154 1070 2196 elegia;
1087 2166 1182 2192 musa,
1195 2155 1314 2193 recede3

714 2210 812 2248 Musa,
829 2211 893 2249 sile,
910 2211 1055 2253 quoniam
1071 2222 1147 2253 saepe
1162 2223 1270 2242 nocere
1286 2212 1369 2243 soles.

671 2265 796 2296 Eusebii
812 2266 889 2297 sicut
904 2273 1030 2298 testatur
1045 2266 1168 2309 pagina,
1181 2267 1304 2298 bustum

716 2322 862 2354 Continet
876 2323 981 2354 Ovidii
997 2322 1108 2364 frigida
1124 2330 1203 2354 terra
1227 2323 1349 2356 Thomi.
