2105 2871
578 397 651 431 124
903 405 1103 432 JOHANNIS
1121 405 1173 430 DE
1193 404 1428 430 GARLANDIA

667 487 757 519 Vidit
772 494 803 519 et
818 488 943 527 invidit,
954 495 984 519 et
1000 487 1095 519 diruit
1110 487 1217 518 inclita
1232 487 1358 529 templa,

713 543 773 575 Sed
787 544 882 586 prius,
899 550 933 574 ut
949 543 1026 581 dixi,
1043 543 1162 574 dirutus
1177 542 1272 573 hostis
1287 551 1359 573 erat.

670 599 727 630 Vis
739 606 785 630 est
799 600 877 630 mira
892 600 989 631 crucis
1004 600 1085 630 iuter
1100 599 1248 630 miracula
1263 604 1373 629 sanetae

713 654 865 697 Virginis,
883 661 927 686 est
943 655 965 686 J
967 655 1048 685 erico
1064 667 1130 696 quae
1145 655 1278 696 speciosa
1294 665 1368 685 rosa.

672 709 724 740 Ad
740 709 831 740 civile
847 709 946 740 forum
964 709 1069 739 Romae
1084 709 1169 751 quasi
1184 709 1311 740 clericus
1325 715 1408 740 actor

632 807 647 810 -
715 765 842 796 Daemon
858 765 940 796 visus
955 772 1019 796 erat
1034 765 1200 796 calliditate
1216 777 1278 795 sua.

674 821 772 851 Mater
788 820 826 851 de
842 827 914 850 nato
930 826 1036 851 natum
1054 820 1204 862 concepit,
1221 820 1258 851 ab
1279 820 1334 850 illo

718 876 786 907 Hoc
802 876 839 907 de
854 884 980 918 peccato
996 887 1083 907 causa
1099 876 1252 907 movenda
1268 876 1335 906 fuit.

675 932 764 973 Papae
779 931 914 962 confessa
930 931 1068 963 Luci-ano
1082 931 1207 963 fletibus
1223 944 1275 963 ora

718 987 876 1023 Merserat,
892 994 923 1017 et
941 986 1055 1018 Christi
1071 988 1177 1018 matris
1192 988 1325 1019 habebat
1341 999 1441 1030 opem.

678 1043 787 1074 Coram
799 1042 958 1083 judicibus
974 1043 1138 1074 invisibilis
1153 1050 1212 1074 stat
1227 1055 1345 1074 amoena

720 1098 831 1140 Virgo,
848 1098 994 1129 sublimat
1009 1098 1152 1129 laudibus
1168 1099 1263 1129 hostis
1278 1110 1355 1130 eam.

678 1154 831 1184 Accusata
846 1153 931 1195 prius
947 1153 984 1184 ab
1001 1165 1036 1184 eo
1052 1153 1204 1191 laudatur,
1221 1160 1251 1184 et
1266 1165 1372 1184 omnes

722 1208 761 1240 Se
777 1220 866 1239 cruce
882 1209 1064 1251 consignant
1082 1209 1244 1246 frontibus,
1261 1209 1313 1240 ille
1330 1209 1419 1252 fugit.

682 1265 887 1307 Suppeditant
902 1265 1017 1296 bellum
1035 1265 1093 1296 sibi
1108 1265 1275 1303 materiale,
1291 1272 1423 1308 potestas

725 1321 868 1359 Canonis‚
886 1328 916 1352 et
931 1321 1027 1363 gladii
1043 1321 1211 1363 spiritualis
1226 1333 1315 1363 apex.

682 1377 756 1408 Fert
772 1377 809 1407 de
825 1377 954 1407 001101110
970 1377 1106 1419 generali
1121 1377 1164 1408 sic
1179 1377 1257 1408 1111111
1275 1378 1354 1415 Clio,

726 1433 780 1463 Ad
796 1440 906 1463 nutum
923 1445 1008 1475 papae
1024 1440 1134 1464 cuncta
1150 1441 1272 1476 peracta
1289 1445 1372 1476 cape.

686 1488 816 1531 Signum
832 1489 1003 1531 retrogradi
1020 1489 1182 1520 Frederico
1198 1489 1301 1521 flebile
1317 1490 1429 1527 cancri,

729 1543 912 1585 Depositum
928 1544 1030 1574 tristes
1046 1545 1147 1587 signat
1163 1545 1242 1576 inire
1259 1545 1331 1576 dies.

686 1599 747 1630 Hic
762 1599 834 1630 licet
850 1606 1042 1630 astronomus
1057 1607 1143 1637 esset,
1161 1612 1222 1630 non
1240 1600 1319 1631 vidit
1334 1601 1367 1631 111
1383 1601 1471 1631 astris

732 1653 770 1684 Se
786 1653 1014 1695 deponendum,
1030 1665 1122 1697 seque
1134 1655 1244 1686 referre
1260 1655 1400 1698 gradum.

691 1709 751 1740 Sed
765 1709 812 1740 leo
828 1709 1031 1751 subsequitur,
1048 1709 1086 1741 de
1102 1722 1209 1741 cancro
1225 1711 1249 1741 si
1264 1711 1312 1741 leo
1328 1710 1391 1748 fiat,

733 1764 856 1795 Efficiet
872 1764 963 1795 fortes
980 1765 1150 1795 febricitare
1166 1772 1261 1796 metu.

693 1820 774 1862 Papa
790 1820 875 1850 dabit
891 1820 1041 1862 gladium,
1059 1820 1111 1851 sed
1127 1820 1151 1851 si
1167 1821 1235 1862 quis
1251 1821 1389 1852 abutitur
1404 1822 1467 1859 illo,

737 1875 829 1906 Hunc
846 1876 966 1918 privare
983 1876 1070 1907 dator
1086 1888 1214 1907 munere
1231 1877 1321 1908 debet
1337 1889 1381 1908 00.

694 1931 815 1962 Divinae
831 1932 927 1962 menti
943 1944 1009 1974 quae
1025 1938 1096 1963 sunt
1111 1940 1241 1964 ventura
1256 1933 1406 1976 relinquo,

737 1987 820 2018 Dum
832 1994 955 2030 portum
971 1995 1114 2030 properat
1129 1989 1239 2031 cymba
1255 1996 1357 2020 tenere
1374 2001 1449 2020 mea.

697 2044 786 2082 Quod
802 2052 905 2075 tamen
921 2045 953 2075 111
969 2045 1076 2087 primis
1091 2046 1218 2088 promisi
1234 2046 1335 2077 dicere
1351 2047 1441 2084 nitar,

740 2100 851 2131 Hostes
866 2101 986 2132 victrici
1002 2101 1194 2132 succubuisse
1210 2102 1302 2133 cruci.

699 2155 888 2198 Multiplicat
903 2155 1059 2198 planctum
1075 2156 1193 2198 primus
1208 2157 1296 2194 liber,
1312 2169 1395 2188 arma
1411 2158 1560 2189 secundus

743 2211 904 2253 Praeparat,
922 2211 997 2242 ordo
1013 2224 1141 2254 sequens
1156 2212 1259 2255 praelia
1275 2224 1351 2243 saeva
1368 2221 1481 2244 movet.

704 2266 884 2298 Sanctorum
901 2274 1087 2298 monstratur
1102 2268 1135 2298 in
1149 2268 1209 2298 hiis
1225 2268 1362 2305 victoria,
1379 2269 1489 2299 mundi

745 2322 934 2364 Corruptela‚
952 2323 1058 2360 scelus,
1075 2335 1198 2365 pompa,
1214 2324 1314 2361 ruina,
1331 2324 1428 2354 dolus.

705 2377 849 2409 Historiis
864 2385 979 2420 satyras
995 2385 1026 2409 et
1041 2386 1125 2421 gesta
1141 2379 1296 2422 tragedica
1308 2379 1412 2420 junxi,

747 2433 820 2464 Haec
836 2442 870 2465 ut
886 2434 1009 2465 venturi
1024 2434 1144 2477 singula
1159 2446 1231 2466 vera
1245 2435 1360 2477 legant.
