2105 2871
568 404 616 438 06
897 413 1097 438 JOHANNIS
1114 413 1168 438 DE
1188 412 1426 438 GARLANDIA

654 495 748 538 Regis
765 495 890 526 Ricardi
905 496 1012 538 magni
1027 507 1158 538 nupsere
1173 507 1288 527 sorores

700 551 775 582 Tres
790 551 901 589 tribus,
919 558 950 582 et
965 552 1104 594 gaudent
1119 552 1240 594 triplice
1256 552 1341 594 prole
1358 563 1421 582 sua.

658 606 737 649 Regi
755 606 894 638 Castellae
911 606 1001 638 datur
1016 607 1091 646 haec,
1108 608 1276 650 comitique
1294 608 1433 639 Tholosae

699 663 819 701 Altera,
839 663 981 694 Saxoniae
996 663 1087 694 tertia
1102 670 1199 706 nupta
1211 664 1292 695 duci.

656 719 726 749 Rex
741 718 852 761 genuit
869 718 1028 757 Blancam,
1046 719 1192 750 comitem
1209 731 1310 751 comes
1325 720 1398 751 inde
1415 718 1607 756 Remundus,

700 774 741 805 Et¹
757 774 824 804 dux
841 773 1009 812 Othonem,
1026 774 1076 805 cui
1092 775 1163 805 data
1180 775 1278 806 Roma
1294 775 1363 806 fuit.

658 830 740 860 Otho
756 829 904 860 mirificus
920 830 1018 867 miles,
1035 830 1119 861 Paris
1134 842 1196 868 ore,
1213 843 1369 873 manuque

701 886 829 923 Hector,
847 885 1025 927 dispergens
1041 897 1169 916 munera
1187 886 1275 917 Titus
1291 894 1365 918 erat.

660 941 792 971 Parisius
809 947 940 983 stampas
956 941 1099 982 poscebat
1114 948 1145 972 et
1161 942 1349 981 Aurelianis,

702 998 784 1036 Quas
800 997 884 1028 cedit
899 997 1108 1029 ir011iea·voce
1127 998 1290 1041 Philippus
1306 999 1342 1029 ei.

660 1052 710 1084 Sic
727 1053 839 1095 probus
855 1053 978 1095 imperii
994 1060 1117 1096 caperet
1135 1054 1261 1085 Latialis
1277 1054 1421 1091 habenas,

703 1108 763 1140 Sed
780 1109 866 1140 dedit
881 1109 935 1140 has
951 1109 998 1140 illi
1014 1122 1084 1140 eum
1101 1110 1254 1151 probitate
1272 1110 1363 1142 Deus.

659 1164 792 1196 Othonis
808 1177 897 1196 causa
912 1177 1019 1196 murus
1035 1166 1241 1197 circumdedit
1256 1167 1362 1197 urbem

702 1221 846 1259 Parisius‚
864 1233 953 1252 muro
970 1228 1065 1252 cessat
1080 1228 1199 1264 agreste
1215 1222 1325 1253 solum.

660 1277 695 1307 In
714 1277 818 1308 Gallos
834 1278 933 1320 agitat
948 1278 1068 1320 gladios
1084 1278 1224 1309 obstante
1242 1278 1398 1320 Philippo,

704 1333 764 1364 Sed
780 1333 886 1364 multis
902 1333 998 1376 captis
1014 1333 1066 1364 hie
1082 1334 1189 1376 nequit
1206 1334 1292 1365 hoste
1309 1335 1387 1377 capi.

660 1389 784 1420 Electos
799 1389 917 1431 equites
934 1390 1008 1420 dum
1025 1389 1153 1432 dissipat
1169 1402 1240 1421 ense
1259 1391 1399 1428 Bovinis,

704 1445 745 1475 Et
760 1444 841 1476 ferus
856 1445 1000 1488 irrumpit
1016 1446 1151 1488 agmina,
1168 1446 1249 1477 solus
1264 1447 1336 1478 abit.

661 1501 733 1531 Post
750 1501 1013 1543 consanguineam
1029 1501 1121 1532 duxit
1138 1502 1321 1533 Fredericus
1341 1501 1484 1539 Othonis,

703 1557 777 1595 Quae
795 1556 901 1587 Romae
917 1556 1015 1587 fuerat
1031 1556 1200 1598 imperialis
1215 1557 1322 1588 honor.

660 1612 861 1655 Magnanimo
877 1612 983 1655 nupsit
998 1612 1161 1643 Ludovieo
1178 1613 1304 1651 Blanea,
1320 1614 1456 1656 parentis

702 1668 851 1711 Belligeri
866 1680 981 1699 nomen
997 1668 1079 1699 filius
1095 1669 1161 1710 ejus
1176 1669 1280 1701 habet.

660 1724 813 1756 Brennius
829 1731 859 1755 et
876 1724 968 1755 frater
985 1725 1112 1755 Belinus
1128 1731 1252 1767 pectore
1268 1726 1373 1756 matris

704 1780 840 1817 Nudato,
857 1779 952 1810 firmae
968 1779 1081 1811 foedera
1096 1780 1179 1822 pacis
1195 1787 1303 1823 agunt.

663 1835 829 1867 Paeifieant
845 1836 953 1867 mediae
969 1847 1097 1878 generos
1113 1848 1292 1878 socerosque
1312 1837 1442 1875 Sabinae,

707 1892 757 1923 Sic
773 1892 879 1923 veniat
894 1903 982 1935 reges
998 1892 1114 1923 Blanca
1130 1893 1226 1935 ligare
1243 1893 1327 1923 duos.

252 1943 267 1969 *ff
284 1943 318 1964 De
330 1942 390 1964 bello
403 1943 464 1964 inter
475 1950 541 1972 reges

253 1975 315 2004 apud
330 1974 467 2001 Sanetonas,
479 1975 559 2004 hujus-

253 2015 298 2035 que
311 2008 477 2062 dilationelpe{
487 2015 540 2030 suas
706 2004 747 2035 Et
762 2010 881 2035 mentes
897 2016 1027 2046 quorum
1045 2004 1163 2035 fervida
1178 2016 1283 2047 pugna
1299 2005 1413 2047 coquit.

253 2048 332 2061 ’ῚὶΠὲἶῖῑῖ
343 2047 427 2068 prmce(
438 2047 466 2061 ΡΠ
479 2048 509 2063 ΕΞ.

664 1948 847 1979 Discordant
862 1948 960 1990 igitur
974 1960 1062 1991 reges
1077 1960 1153 1991 quos
1169 1949 1259 1991 stirps
1274 1949 1351 1991 ligat
1367 1961 1439 1987 una,

663 2060 744 2099 Quid
760 2060 870 2098 facitis,
886 2059 994 2102 reges?
1015 2061 1145 2091 avertite
1161 2061 1241 2091 bella
1256 2061 1383 2092 rebelles

706 2116 742 2146 In
761 2115 901 2153 Parthos,
917 2116 1007 2147 bellis
1022 2116 1184 2159 invigilate
1200 2117 1306 2148 crucis.

665 2172 722 2202 Per
737 2183 792 2202 vos
807 2171 934 2202 ecelesia
949 2172 1082 2203 celebres
1098 2178 1170 2214 agat
1185 2184 1268 2203 arma
1284 2172 1469 2215 triumphos,

709 2226 796 2258 Sicut
810 2238 864 2268 per
882 2226 1031 2258 Karolum
1048 2227 1160 2258 fecerat
1175 2234 1246 2258 ante
1262 2229 1404 2270 probum.

666 2282 748 2313 Hinc
764 2293 858 2324 prope
878 2282 1060 2314 Sanctoniea
1076 2295 1130 2314 rex
1146 2290 1192 2314 est
1209 2284 1363 2315 Henrieus
1378 2285 1410 2316 in
1427 2287 1513 2323 urbe,

708 2338 866 2369 Gallorum
883 2351 1022 2381 proceres
1037 2339 1111 2370 hinc
1128 2339 1308 2382 Calaburgis
1324 2340 1426 2373 habet.
