2105 2871
559 401 608 434 44

897 412 1096 438 JOHANNIS
1115 414 1167 439 DE
1187 415 1423 441 GARLANDIA

648 491 722 522 Haec
738 493 792 524 ait.
814 498 832 510 ‘⁴
848 494 874 524 O
889 495 998 526 misera
1014 497 1153 538 potatrix
1170 498 1300 540 Anglia,
1318 510 1372 541 per
1388 511 1443 530 nos

690 548 834 590 Accipies
850 550 975 581 calicem
993 552 1110 589 mortis,
1128 564 1261 594 eumque
1278 554 1373 586 bibes.

646 603 684 634 In
700 604 825 636 classem
841 606 925 637 silvae
941 606 1138 645 descendent,
1157 609 1292 650 Anglica
1309 617 1389 642 terra

690 659 825 692 Nomine
841 661 960 692 dicetur
977 661 1092 693 Gallica
1109 670 1189 694 terra
1205 676 1297 696 novo.

647 715 759 746 Hostes
775 717 851 747 colla
868 717 997 755 dabunt⁷
1009 718 1075 757 jam
1093 719 1180 750 vobis
1195 722 1307 752 moenia
1323 729 1446 760 nutant⁷

690 772 874 814 Angolisma
890 773 988 814 gemit
1004 773 1118 815 oppida
1134 774 1229 806 fracta
1245 787 1307 806 sua.

648 826 780 858 Parisius
795 839 900 869 regem
917 828 1035 859 victum
1052 829 1210 868 ducemus,
1227 838 1257 862 et
1272 832 1337 864 illic

690 883 757 913 Rex
774 883 854 926 regis
869 884 967 914 nostri
982 885 1094 915 nobilis
1110 885 1219 928 hospes
1234 887 1302 919 erit.

646 938 734 969 Nulli
749 951 919 981 parcemus,
936 940 1069 984 pequdes
1085 941 1252 983 rapiemus,
1268 950 1300 974 et
1315 955 1398 976 arcas

688 995 714 1025 F
716 1007 891 1037 rangemus,
909 997 1055 1038 quoniam
1073 998 1163 1029 rebus
1179 998 1318 1030 abundat
1332 999 1440 1032 honor.

644 1051 706 1082 Dat
722 1063 822 1082 comes
837 1053 1017 1095 exemplum
1034 1054 1137 1091 nobis3
1154 1055 1209 1086 ubi
1227 1055 1330 1086 dulcia
1346 1056 1441 1094 lucra,

687 1107 749 1138 Hic
764 1108 887 1145 erimus,
903 1121 1021 1151 pauper
1037 1110 1107 1141 vilis
1124 1118 1158 1141 ut
1173 1111 1242 1154 alga
1253 1111 1365 1152 jacet.’'

645 1162 704 1193 Sed
721 1163 824 1194 minus
839 1172 884 1195 est
901 1165 1072 1207 culpandus
1090 1167 1197 1209 Hugo,
1216 1168 1408 1210 Reginaldus
1424 1169 1556 1200 eundem

686 1218 827 1261 Decepit,
844 1219 935 1251 donis
952 1220 1070 1252 Gallica
1086 1222 1174 1265 signa
1189 1235 1327 1265 sequens.

644 1273 716 1304 Plus
732 1275 878 1317 proponit
892 1276 995 1307 adhuc
1011 1278 1197 1309 moriturum
1215 1279 1339 1322 vulgus,
1357 1286 1388 1311 et
1404 1280 1500 1312 hostis

686 1330 846 1362 Cautelam
863 1332 970 1370 nescit,
988 1333 1058 1364 finis
1074 1342 1198 1376 apertus
1213 1335 1280 1366 erit.

642 1386 701 1423 Tu,
721 1387 904 1429 Reginalde⁷
920 1396 1007 1431 potes
1024 1389 1061 1421 de
1077 1391 1224 1432 pontibus
1240 1392 1284 1423 ire
1299 1403 1354 1434 per
1370 1393 1467 1423 undas

686 1442 790 1481 Ponti,
808 1443 882 1474 dum
899 1452 1010 1486 pontes
1025 1447 1179 1488 praestruis
1194 1455 1258 1479 arte
1276 1448 1342 1479 tibi.

641 1498 777 1540 Argenti
792 1506 902 1541 pontes
918 1501 974 1531 tibi
990 1502 1131 1543 praestitit
1150 1503 1278 1545 Anglia,
1295 1504 1347 1535 sed
1365 1514 1394 1535 te

685 1554 783 1585 Gallia
800 1555 937 1587 fallacem
954 1557 1050 1588 nectit
1066 1558 1097 1588 in
1113 1571 1171 1589 aere
1183 1559 1262 1590 rudj.

639 1610 775 1652 Argenti
792 1623 897 1643 sumus
912 1612 1048 1644 haeredes
1064 1614 1147 1656 quod
1164 1615 1298 1646 contulit
1313 1616 1359 1646 illi

682 1666 812 1709 Anglia,
829 1674 930 1699 mutat
945 1668 1028 1699 enim
1045 1669 1167 1701 sordida
1183 1670 1284 1712 praeda
1299 1683 1417 1702 manus.

640 1722 731 1753 Dices
747 1723 829 1764 quod
846 1723 911 1754 falli
926 1725 1040 1756 meruit
1056 1738 1111 1756 rex
1128 1727 1297 1769 Anglicus:
1321 1728 1404 1759 istud

683 1778 731 1809 Ne
747 1778 841 1817 dicas,
854 1780 938 1820 juste
954 1792 1010 1811 rex
1026 1781 1099 1823 quia
1114 1794 1209 1825 regna
1226 1783 1315 1825 regit.

640 1833 713 1864 Pars
729 1840 832 1864 tamen
847 1834 912 1865 haec
927 1835 965 1866 dc
976 1836 1047 1876 jure
1063 1848 1118 1867 suo
1134 1849 1197 1868 non
1213 1838 1337 1876 dicitur,
1354 1839 1450 1870 immo

683 1889 766 1920 Huic
782 1890 873 1921 debet
888 1891 998 1932 subjici
1014 1891 1044 1922 N
1046 1893 1159 1923 eustria
1173 1900 1238 1924 tota
1255 1893 1336 1924 duci.

641 1947 742 1985 Quare
758 1954 805 1978 tot
821 1948 909 1978 terris
924 1947 1087 1990 privatur?
1101 1949 1158 1986 vis,
1176 1949 1247 1991 quja
1263 1957 1385 1991 pratum

683 2001 783 2033 Pascit
798 2010 829 2033 et
844 2009 889 2033 est
904 2002 1024 2033 lucrum
1041 2003 1132 2034 dulce
1147 2003 1300 2047 decusque
1316 2005 1435 2036 decens.

642 2056 730 2088 Plebs
745 2057 789 2088 ita
804 2058 904 2100 prima
919 2066 1015 2090 novat
1031 2059 1104 2090 belli
1118 2060 1276 2102 praeludia,
1295 2061 1386 2092 verba

683 2113 741 2144 Per
756 2114 847 2152 mala,
864 2114 916 2145 sed
933 2115 1033 2145 verbis
1049 2115 1200 2147 deteriora
1215 2115 1296 2147 facit.

639 2168 765 2207 Rident,
782 2169 933 2208 derident,
949 2171 1073 2209 saliunt,
1089 2172 1270 2203 maledicere
1284 2173 1432 2215 gaudent,

683 2224 840 2263 Clamant;
856 2234 994 2257 amentes
1010 2227 1149 2259 crederet
1165 2239 1227 2259 esse
1246 2228 1344 2260 Plato.

638 2280 660 2311 J
664 2286 764 2318 urant,
780 2282 949 2322 perjurant,
966 2283 1083 2325 perjuri
1099 2284 1232 2314 vendere
1248 2292 1402 2327 temptant

682 2336 741 2366 Pro
758 2348 871 2378 magno
888 2338 986 2379 pretio
1003 2339 1084 2380 quod
1101 2339 1177 2370 solet
1194 2351 1257 2370 esse
1272 2340 1361 2371 nihil.
