2105 2871
520 420 576 445 DE
597 416 823 444 TRIUMPHIS
842 413 1039 440 ECCLESIAE
1059 412 1173 437 LIBRI
1190 410 1294 436 OCTO.

390 497 397 504 ⁷
409 510 427 522 ‘⁴
442 503 574 535 Nomine
589 501 615 533 si
631 499 745 533 Christi
763 499 908 530 Silvester
924 496 1047 526 suscitet
1062 493 1151 531 illud,

451 559 589 592 Christus
604 555 748 599 baptismi
764 566 818 585 nos
833 552 995 584 renovabit
1010 549 1114 593 aqua.”

411 616 555 648 Silvester
570 624 658 656 prece
673 610 825 654 praemissa
841 620 893 651 spe
908 607 1044 639 fervidus
1059 605 1172 648 inquit,

453 676 471 689 ‘⁴
488 672 525 702 In
542 669 640 701 Jhesu
657 666 771 699 Christi
787 664 912 696 nomine
928 674 1028 705 surge,
1046 660 1165 704 pecus.’'

378 726 385 728 i
413 727 559 759 Pacificus
574 725 673 768 surgit
687 730 801 760 taurus,
818 721 956 762 nullique
972 719 1127 755 molestus,

454 783 599 816 Armenti
616 782 711 813 factus
727 781 791 811 dux
806 779 875 822 pius
891 789 963 809 arva
978 775 1065 818 petit.

413 840 548 873 Gentiles
563 838 655 869 simul
671 835 793 868 Hebraei
809 833 976 865 certamine
991 841 1104 873 magno

455 895 598 927 Gaudent
612 892 763 935 baptismo
779 902 809 921 se
824 899 970 920 renovare
985 897 1077 917 sacro.

414 950 593 993 Philosophi
609 950 671 980 duo
688 946 873 989 Zenophilus
889 945 1074 985 Cratonque‚
1091 941 1197 972 diserti

457 1009 603 1040 Censores
618 1005 694 1042 veri,
710 1003 841 1034 chrisma
855 1000 1009 1041 fidemque
1027 998 1136 1029 ferimt.

417 1065 595 1106 Serpentem
612 1059 718 1103 populi
733 1057 873 1101 precibus
891 1056 1035 1087 Silvester
1050 1054 1083 1084 in
1099 1059 1186 1083 antro

459 1118 593 1155 Claudia
610 1123 641 1148 et
657 1128 708 1146 ora
723 1115 810 1157 ligat,
828 1113 927 1143 clausa
942 1111 1049 1153 vigore
1065 1109 1176 1145 crucis;

418 1175 518 1206 Ferali
535 1173 611 1204 flatu
628 1172 732 1202 Romae
747 1169 801 1212 qui
816 1167 927 1210 polluit
943 1167 1061 1202 urbem,

462 1231 614 1272 Expectat
629 1228 729 1258 clauso
741 1225 854 1267 judicis
870 1235 920 1254 ore
935 1223 1026 1254 diem.

421 1288 491 1318 Post
509 1283 727 1317 Constant-inus
741 1281 830 1324 regni
845 1279 985 1311 diadema
1000 1277 1125 1319 reliquit

465 1341 622 1377 Sssvestro,
637 1340 771 1370 retinens
788 1336 899 1367 Dorica
914 1346 1009 1377 regna
1024 1333 1090 1364 sibi.

422 1398 578 1428 Romanus
594 1394 727 1425 domitor
743 1391 940 1424 Constantius
955 1390 1034 1421 orbis
1050 1387 1170 1430 Hyberi

468 1451 605 1493 Suscepit
623 1450 787 1481 Britonum
804 1447 916 1479 tradita
930 1457 1026 1488 regna
1041 1444 1108 1476 sibi.

425 1509 532 1550 Regna
548 1506 622 1538 Coel
637 1512 802 1546 natamque
817 1514 902 1534 suam
919 1507 1103 1533 concesserat
1120 1499 1177 1537 illi,

468 1563 541 1602 Quae
556 1562 636 1592 claro
651 1560 723 1592 cleri
739 1560 883 1601 dogmate
898 1558 978 1589 clara
992 1557 1060 1587 fuit.

426 1620 500 1651 Haec
516 1617 753 1650 Constantinum
768 1614 901 1658 peperit3
917 1620 1003 1656 pater
1018 1612 1092 1643 hinc
1108 1610 1262 1642 Heboraci

468 1673 615 1711 Decessit,
631 1678 703 1703 nato
719 1672 793 1703 dans
808 1684 843 1703 ea
856 1682 952 1714 regna
966 1681 1029 1700 suo.

427 1731 471 1762 Vi
486 1730 607 1773 capiens
624 1728 754 1759 Romam
769 1727 866 1757 factus
880 1726 941 1757 fuit
955 1725 1007 1756 ille
1023 1723 1188 1755 monarcha

472 1785 594 1823 Mundi,
611 1796 671 1826 quo
688 1782 803 1814 Christi
819 1781 915 1812 crevit
930 1781 962 1811 in
979 1780 1051 1811 orbe
1066 1779 1150 1810 fides.

431 1844 541 1874 Sancta
556 1852 664 1883 parens
681 1839 800 1870 Helena
815 1837 905 1880 regis,
922 1848 1012 1868 cruce
1027 1836 1094 1866 laeta
1109 1840 1229 1876 reperta.

474 1897 656 1933 Jerusalem,
673 1901 809 1926 sanctam
824 1893 866 1924 sic
881 1893 990 1935 probat
1005 1903 1067 1922 esse
1083 1902 1219 1921 crucem:

432 1953 596 2000 Languens
611 1950 756 1982 extremis
772 1949 882 1980 mulier
898 1954 1037 1979 contacta
1052 1947 1169 1977 duabus

476 2008 546 2038 Non
561 2006 660 2049 surgit
675 2005 805 2037 cruculis
820 2004 873 2035 sed
888 2015 976 2035 cruce
992 2009 1073 2034 tacta
1089 2002 1158 2033 Dei.

435 2064 509 2103 Quis
523 2074 632 2105 regum
648 2062 698 2093 vel
713 2073 779 2103 quae
795 2059 989 2091 dominarum
1005 2057 1141 2088 maxima
1155 2056 1265 2088 mundi

477 2119 576 2150 Tanto
592 2117 728 2148 mirificae
743 2117 840 2147 fervet
855 2126 957 2146 amore
972 2112 1091 2145 crucis?

436 2176 548 2206 Fervet
563 2173 697 2205 avaritiae
712 2173 890 2204 dominante
906 2171 1050 2213 cupidine
1065 2176 1181 2212 pectus,

480 2231 517 2261 In
533 2230 638 2261 multis
653 2230 750 2261 fervet
765 2229 906 2260 insatiata
921 2228 994 2259 sitis.

439 2287 595 2319 Christum
611 2286 636 2316 si
651 2286 719 2328 quis
734 2292 826 2322 amat,
842 2290 939 2315 armet
954 2294 1044 2314 cruce
1058 2288 1178 2325 pectus;
1195 2281 1234 2313 ad
1249 2282 1336 2312 istam

482 2343 599 2374 Vocem
615 2347 801 2373 concurrunt
817 2341 856 2371 ad
871 2339 969 2371 crucis
984 2351 1067 2370 arma
1082 2339 1178 2381 probi.

922 2405 940 2425 L
957 2397 974 2425 2

1483 399 1504 431 0!
