2105 2871
478 1005 505 1023 ‘Lx

877 413 1078 440 JOHANNIS
1096 414 1150 439 DE
1170 412 1408 439 GARLANDLA

639 497 699 529 Sed
715 497 824 529 dicunt
839 498 928 529 aliter
943 497 996 528 alii
1012 497 1096 539 quod
1112 503 1208 527 eastra
1223 495 1358 527 removit

681 553 750 595 Ipse
766 553 863 591 ducis,
881 552 986 584 castris
1002 552 1041 583 ad
1056 552 1123 582 loca
1138 558 1226 593 grata
1242 551 1313 582 suis.

638 609 725 640 Istud
741 609 829 651 origo
844 609 919 639 mali
934 608 1045 646 fuerat,
1062 608 1239 649 factumque
1256 606 1403 648 Philippo

680 665 864 707 Desplicuit,
880 664 980 695 fuerat
996 663 1047 694 hic
1063 663 1135 705 quia
1151 674 1289 693 summus
1305 662 1359 693 ibi.

638 721 756 751 Toxica
771 720 825 762 qui
841 719 967 762 fingunt
983 719 1046 756 alii,
1063 718 1225 749 mendacia
1240 717 1378 760 fingunt,

682 777 798 808 Laudis
813 764 896 807 eniin
912 775 1019 818 cupidi
1034 774 1227 816 discrepuere
1243 774 1345 805 duces.

637 833 719 864 Nam
735 832 832 875 grossi
848 831 939 863 cunei
955 842 1112 862 remanere
1128 829 1277 860 foramine
1293 840 1388 871 parvo

680 888 752 919 Non
768 893 906 929 possunt,
923 897 978 928 per
993 897 1069 928 quos
1084 885 1197 915 rimula
1212 896 1307 927 parva
1322 890 1435 926 crepat.

638 944 773 975 Reddita.
789 954 866 974 crux
881 948 969 979 esset,
987 941 1159 983 Judaeaque
1176 947 1240 971 tota
1256 940 1392 977 subacta,

682 999 744 1030 Sed
759 1009 922 1041 procerum
938 997 1039 1028 voluit
1053 996 1185 1039 quilibet
1201 1007 1264 1027 esse
1279 995 1374 1038 prior.
1423 1009 1428 1017 ⁴

639 1055 759 1087 Gaudia
775 1061 847 1085 sunt
861 1060 948 1096 parta
966 1052 1098 1090 Parthis,
1115 1052 1216 1094 elegia
1232 1051 1348 1082 moestis

681 1109 882 1147 Christicolis,
899 1108 1039 1140 lacrimas
1056 1108 1137 1138 fudit
1152 1108 1186 1138 iu
1202 1119 1254 1138 ora
1269 1118 1375 1138 novas.

638 1166 763 1198 Ricardi
778 1165 880 1196 reditu
898 1164 964 1195 dux
980 1164 1145 1195 Austricus
1160 1163 1299 1205 undique
1315 1162 1405 1205 ponit

681 1221 829 1259 Insidias;
846 1228 951 1252 tantus
966 1232 1031 1251 non
1047 1219 1169 1250 latitare
1185 1225 1295 1261 potest.

638 1278 708 1309 Rex
723 1277 821 1320 igitur
837 1276 957 1319 capitur
973 1282 1003 1306 et
1018 1274 1176 1312 venditur,
1193 1274 1245 1305 ille
1261 1274 1439 1316 redemptus

682 1333 916 1375 Rothomagum
932 1331 1060 1362 veniens
1076 1331 1170 1361 altera
1186 1330 1267 1361 bella
1282 1336 1397 1361 movet.

639 1389 794 1420 Extendit
809 1395 906 1419 metas
921 1387 1021 1424 bellis,
1039 1393 1207 1428 contraque
1226 1385 1407 1429 Philippum

683 1445 789 1476 Floret
805 1444 860 1475 sub
876 1450 963 1475 tauto
980 1443 1125 1474 Neustria
1142 1442 1223 1473 clara
1239 1442 1327 1473 duce.

639 1502 671 1533 A
689 1502 787 1532 Bruto
804 1500 880 1531 dicti
896 1499 1040 1530 Britoncs
1056 1498 1189 1529 timuere
1207 1498 1387 1535 Ricardum,

685 1557 745 1588 Cui
760 1556 846 1587 velut
863 1555 1005 1586 Arthuro
1021 1554 1097 1585 colla
1114 1554 1239 1584 subacta
1251 1553 1384 1591 dabunt3

644 1613 770 1646 Scilicet
787 1611 929 1643 Althmo
946 1611 1000 1654 qui
1016 1617 1165 1642 straverat
1181 1609 1307 1652 agmina
1323 1609 1430 1640 Romae

688 1668 820 1701 Galvani
836 1667 941 1710 gladio
957 1667 1148 1709 consilioque
1163 1666 1262 1708 probi.

645 1726 725 1757 Sunt
740 1736 781 1756 ex
797 1723 987 1766 Angh'genis
1003 1722 1145 1754 concives
1159 1721 1281 1753 aetheris
1297 1721 1364 1759 alti,

688 1781 730 1812 Et
745 1787 832 1812 terrae
848 1779 967 1810 domini
982 1778 1236 1821 magnanimique
1253 1777 1353 1808 duces.

646 1837 792 1869 Concedo
809 1843 929 1867 sanctos
944 1835 1113 1866 Britonum
1130 1834 1167 1864 de
1183 1840 1277 1876 geute
1292 1832 1395 1870 fuisse,

690 1893 865 1924 Multorum
881 1892 935 1923 sed
949 1892 1052 1934 plures
1068 1890 1262 1932 discrepuere
1278 1888 1354 1919 Deo.

649 1950 800 1981 Extremo
816 1948 884 1991 regi
901 1948 1068 1979 Britonum
1085 1957 1148 1977 vox
1164 1945 1268 1976 coelica
1279 1943 1371 1985 jussit

692 2005 783 2044 Quod
798 2016 861 2034 non
877 2003 1040 2045 impeteret
1056 2001 1193 2043 Anglica
1208 2011 1304 2042 regna
1319 1998 1427 2041 magis.

648 2060 784 2091 Nomine
802 2058 1037 2096 Cathualadrus,
1055 2057 1228 2088 Romanam
1244 2055 1331 2086 venit
1346 2054 1384 2085 ad
1400 2053 1518 2090 urbem,

692 2116 729 2146 In
745 2127 806 2158 qua
822 2115 911 2146 felice
927 2113 990 2145 fine
1005 2113 1145 2156 sepultus
1161 2118 1234 2143 erat.

648 2172 733 2203 Dum
751 2171 879 2213 quidam
896 2170 1014 2201 Bavius
1030 2169 1068 2200 de
1086 2169 1184 2199 Bruto
1201 2166 1338 2198 earmina
1353 2172 1467 2203 ructat,

692 2227 838 2258 Detrahit
854 2225 1059 2268 Angligenis;
1083 2223 1160 2255 cur?
1174 2223 1276 2260 timet,
1293 2222 1359 2253 odit
1374 2233 1433 2252 eos.

650 2283 724 2315 Non
740 2282 844 2313 minus
859 2281 892 2312 in
908 2280 1010 2312 triviis
1026 2286 1098 2311 sunt
1113 2285 1199 2322 gesta
1215 2277 1353 2309 canenda
1369 2276 1505 2314 Ricardi,

694 2339 732 2370 In
749 2337 836 2379 cujus
851 2336 952 2368 radiat
967 2342 1067 2367 morte
1084 2340 1203 2366 cometa
1217 2333 1341 2365 rubens.
