2105 2871
513 415 566 439 DE
584 413 809 440 TRIUMPHIS
826 411 1023 437 ECCLESIAE
1042 411 1157 436 LIBRI
1175 410 1278 436 OCTO.

374 497 498 528 Urticas
512 497 593 528 inter
608 495 764 527 mordaces
779 493 907 524 floridus
922 493 1029 524 hortus

417 553 529 595 Spirat,
546 558 576 584 et
591 551 723 583 ecclesiae
739 550 855 593 spargit
871 549 972 580 odoris
987 561 1067 591 opes.

374 608 482 638 Frater
498 606 689 643 Remundus,
704 605 820 648 populo
837 604 890 647 qui
906 604 1051 647 praedicat
1067 610 1141 641 arte,

417 662 563 693 Fulconis
577 661 721 693 baculum
738 660 833 691 sumit
849 672 986 702 onusque
1002 659 1105 702 patris.

374 718 542 750 Doctorum
559 717 659 760 primo
675 723 745 747 sunt
761 723 843 747 certa
858 716 975 754 salaria,
993 716 1090 746 donec

417 771 536 802 Cuncta
551 782 668 813 negans
683 772 762 802 livor
777 772 868 814 eoepit
883 772 995 803 habere
1010 772 1122 802 locum.

375 827 400 858 F
403 826 528 857 lorentis
544 826 637 857 studii
653 827 801 868 paulatim
818 827 906 858 turba
922 827 1047 864 recedit,

418 882 493 913 Haec
508 894 566 925 ego
582 882 635 924 qui
651 882 748 913 scribo
764 889 874 912 cuncta
894 882 1002 913 recedo
1018 883 1111 925 prius.

358 928 505 969 ‘Insidias
519 944 659 968 metuens
675 937 765 968 celeri
782 949 830 967 mc
846 937 934 968 trado
949 937 1070 975 carinae,

419 994 508 1024 Intus
523 993 576 1024 sed
591 993 699 1035 praedis
714 993 874 1023 insidiator
889 993 965 1023 hiat.

375 1050 427 1080 Ad
448 1050 646 1081 Sarracenum
663 1056 794 1079 castrum
811 1061 860 1079 me
876 1048 986 1080 ducere
1002 1055 1133 1091 temptat

421 1105 555 1137 Suffocet
572 1112 606 1136 ut
622 1105 722 1136 tacitis
737 1104 832 1146 impia
844 1104 933 1135 turba
949 1105 1035 1135 dolis.

378 1162 438 1194 Sed
454 1173 545 1204 quem
562 1161 629 1192 vult
644 1172 763 1191 servare
782 1160 876 1197 Deus,
892 1161 1076 1198 servabitur;
1094 1173 1111 1192 o
1129 1172 1175 1192 res

421 1217 517 1248 Mira!
533 1223 617 1260 patet
629 1217 753 1258 clypeus
768 1227 836 1246 aere
852 1216 933 1246 nube
949 1228 1031 1246 cava.

378 1273 512 1305 Ostendo
528 1273 669 1315 elypeum
687 1284 778 1314 quem
794 1272 903 1302 format
920 1271 951 1301 in
968 1283 1036 1302 aere
1051 1272 1158 1308 nubes,

420 1330 467 1361 De
483 1330 579 1360 forma
594 1328 694 1371 clypei
710 1327 832 1358 nautica
849 1327 939 1358 eorda
955 1334 1088 1370 stupent.

378 1386 538 1423 Exclamo,
556 1385 712 1422 “bellum‚
730 1384 845 1415 belluni
862 1384 1028 1415 denunciat
1043 1396 1103 1421 aer,

422 1442 488 1473 Nec
503 1441 610 1484 procul
625 1440 756 1471 eeclesiae
772 1440 895 1470 coelieus
913 1440 992 1471 ultor
1007 1440 1117 1471 abest.''

379 1497 461 1528 Dum
478 1497 620 1539 clypeum
637 1497 764 1527 solidam
781 1509 872 1528 cerno
889 1497 997 1527 durare
1013 1509 1067 1539 per
1087 1497 1205 1536 horam,

421 1552 474 1583 Ad
490 1552 607 1583 facinus
622 1552 721 1583 tardat
738 1552 833 1594 impia
849 1552 939 1583 eorda
955 1559 1068 1594 stupor.

378 1609 459 1640 Ecce
475 1608 696 1650 superveniunt
711 1608 878 1650 peregrini,
891 1608 964 1638 dum
982 1620 1076 1650 prope
1092 1615 1214 1651 portum

421 1664 579 1706 Moysyaci
593 1663 680 1694 navis
695 1664 815 1694 concita
830 1664 925 1694 sulcat
941 1676 1042 1706 aquas.

379 1719 517 1752 Crastina
533 1720 589 1750 lux
605 1719 712 1756 oritur,
730 1719 835 1750 sitiens
851 1731 960 1750 manus
975 1720 1070 1762 impia
1086 1720 1218 1762 praedam

421 1775 565 1806 Incendit
580 1775 667 1806 factis
682 1775 819 1816 raptibus
834 1775 907 1817 igne
923 1787 1014 1807 casas.

380 1830 435 1861 Est
449 1829 524 1860 furis
538 1841 674 1872 gressum
691 1830 823 1862 Veneris
839 1831 985 1861 comitata
1002 1830 1147 1868 chimera,

424 1886 490 1925 Qua
506 1886 553 1916 leo
570 1893 687 1928 regnat,
704 1886 766 1916 olet
782 1885 895 1923 hircus,
912 1886 1039 1928 hiatque
1056 1886 1156 1917 draco.

380 1942 431 1972 Ex
445 1948 582 1972 monstro
599 1941 731 1973 Veneris
747 1942 845 1985 elegia
861 1948 988 1973 venerat
1003 1942 1071 1979 ista,

423 1998 465 2028 Et
481 1998 584 2029 veniet
599 1998 740 2040 quotiens
756 1997 804 2028 vir
818 2004 905 2040 parat
917 2009 979 2028 esse
997 1997 1090 2028 Paris,

381 2053 443 2084 Hic
459 2052 590 2083 Veneris
605 2053 722 2084 nodum
739 2052 879 2083 strictum
896 2052 1028 2089 dcnodo,
1045 2063 1200 2094 genasque

423 2108 531 2139 Tectas
546 2108 680 2146 denudo,
697 2114 892 2150 monstraque
908 2113 1044 2138 monstro
1060 2119 1122 2138 sua.

380 2165 500 2196 Mentes
515 2171 646 2195 venatur
663 2164 781 2202 Venus,
797 2164 957 2206 irretitque
973 2176 1027 2206 per
1043 2176 1149 2195 omnes

422 2220 602 2257 Blanditias,
619 2219 739 2262 magica
755 2220 875 2251 devirat
891 2226 955 2250 arte
972 2220 1063 2250 viros.

382 2275 522 2307 Moechiae
537 2275 654 2306 facinus
670 2275 780 2307 mulier
795 2276 878 2313 facit,
895 2275 975 2306 eruit
989 2288 1045 2306 aera

426 2332 457 2363 A
472 2331 584 2362 moechi
600 2331 710 2369 loculo,
727 2337 824 2362 marte
839 2331 888 2362 vel
904 2339 968 2362 arte
984 2330 1116 2361 trahens.

895 2396 913 2416 P

1407 400 1478 433 105

1494 1841 1510 1869 Ἣ
1526 1841 1560 1863 De
1573 1840 1702 1862 latronibus
1714 1841 1754 1868 qui

1494 1874 1668 1895 insidiabantur
1677 1873 1792 1902 magistri>

1496 1907 1591 1928 ibidem.
