2105 2871
294 749 339 772 §k

541 388 593 413 DE
613 388 838 414 TRIUMPHIS
858 389 1056 414 ECCLESIAE
1076 390 1191 414 LIBRI
1209 390 1315 415 OCTO.

420 470 479 501 Hie
496 477 583 501 tonat
598 471 630 501 in
647 471 730 502 cives
747 471 909 509 Ysabellae,
926 482 989 501 non
1006 471 1038 501 in
1055 472 1141 502 avari

463 526 559 564 Idola,
576 527 715 568 perjuros
729 527 874 569 praeterit,
891 538 985 563 arma,
1002 526 1097 557 dolos.

418 582 518 612 Nemo
534 582 594 613 nisi
606 583 691 623 juret
707 582 761 613 alii
776 582 846 613 vult
862 582 996 620 credere,
1014 582 1149 613 mundus

462 638 518 669 Est
537 639 609 680 quia
625 646 787 681 corruptus
802 645 834 670 et
849 639 922 681 quia
937 650 1004 669 rara
1021 638 1105 670 fides.

418 694 512 725 Multi
528 701 600 725 sunt
616 695 669 736 qui
685 706 748 725 non
764 702 911 726 metuunt
922 695 1039 736 jurare,
1056 707 1113 726 nee
1128 706 1191 726 esse

462 751 593 792 Perjuri,
611 750 728 782 faciunt
744 751 797 792 qui
814 751 911 782 scelus
926 763 984 782 aere
999 751 1096 782 brevi.

420 806 526 837 Praelia
542 807 659 848 praelati
674 819 745 838 oum
762 807 824 838 sint
841 807 999 849 utrimque
1015 807 1124 844 secuti,

460 862 532 893 Non
549 870 593 894 est
609 863 663 905 qui
678 863 762 906 pacis
778 863 868 895 dulce
884 865 1009 895 resarcit
1025 876 1109 907 opus.

419 917 455 947 In
472 928 502 948 se
518 917 700 949 christicolae
715 919 787 961 quia
803 920 933 950 densant
949 919 1062 962 praelia,
1081 926 1183 950 trenos

461 973 550 1004 Plebs
566 973 657 1005 iterat
673 975 816 1016 querulos
834 974 1036 1017 funereosque
1052 987 1149 1006 sonos.

418 1028 501 1059 Olim
518 1037 701 1071 spreverunt
716 1030 813 1061 saneti
830 1038 995 1068 tormenta,
1012 1037 1170 1072 tyrannos,

462 1084 534 1122 Iras,
554 1085 728 1123 blanditias,
747 1086 821 1122 vim,
839 1086 960 1128 probra,
978 1086 1070 1123 dona,
1088 1087 1195 1117 minas.

418 1140 566 1171 Victrieis
582 1141 698 1172 virtute
715 1142 813 1172 crucis
829 1149 900 1172 sunt
917 1142 995 1172 mira
1012 1148 1145 1184 peracta,

461 1196 715 1239 Confirmantque
731 1197 824 1228 fidem
842 1197 920 1228 faeta
937 1197 1090 1239 stupenda
1106 1208 1232 1228 sacram.

421 1252 455 1282 In
474 1252 593 1294 gemini
610 1252 691 1295 regis
707 1259 795 1283 motu
812 1253 940 1283 fundata
957 1252 1054 1283 libelli

462 1308 591 1351 Pagina,
608 1309 770 1339 continuat
786 1308 915 1351 pristina
931 1308 1009 1339 mira
1025 1309 1133 1339 crucis.

420 1364 464 1395 Ut
480 1365 749 1407 cruce-signentur
765 1376 851 1407 reges
866 1364 1015 1395 miracula
1031 1365 1172 1401 suadent,

461 1420 520 1450 Pro
536 1432 625 1451 cruce
641 1432 708 1462 quae
724 1420 797 1451 fecit
815 1419 1045 1461 Omnipotentis
1061 1431 1153 1450 amor.

419 1475 506 1506 Sicut
523 1475 653 1506 Beletici
668 1482 820 1506 testantur
835 1475 947 1517 scripta
964 1475 986 1506 J
989 1475 1130 1513 ohannis,

463 1531 656 1573 Sanguineos
671 1530 774 1561 fluxus
790 1530 872 1561 fudit
888 1531 991 1573 imago
1008 1531 1115 1562 crucis.

418 1586 508 1617 Hanc
525 1586 635 1618 Judaea
652 1586 744 1617 domo
761 1586 893 1628 quadam
911 1587 1083 1629 conspexit,
1101 1594 1131 1618 et
1147 1587 1230 1618 illam

460 1642 552 1673 Vidit
567 1642 779 1685 sanguineam,
797 1642 871 1673 dum
888 1642 1018 1673 violavit
1034 1655 1111 1673 eam.

419 1699 469 1730 Sic
484 1698 557 1729 fidei
574 1699 667 1729 robur
682 1698 842 1729 incredula
857 1698 948 1729 turba
962 1698 1090 1741 recepit,

460 1754 585 1797 Nosque
599 1754 688 1786 docet
704 1761 841 1785 sanctam
858 1754 1057 1797 magnificare
1073 1767 1204 1786 erucem.

417 1811 573 1842 Daemonis
588 1811 620 1841 in
636 1811 743 1841 fanum
761 1811 889 1842 Judaeus
905 1817 1043 1853 tempore
1059 1811 1159 1842 noetis

460 1867 568 1905 Venit,
584 1873 615 1898 et
631 1866 758 1898 advenit
774 1866 923 1897 daemonis
938 1866 1046 1897 horror
1062 1867 1100 1897 ei.

419 1922 456 1954 Se
472 1934 560 1953 cruce
577 1922 722 1965 signavit,
739 1922 895 1965 signatum
912 1933 965 1953 vas
981 1923 1058 1953 bene
1075 1923 1193 1954 daemon

461 1978 521 2010 Sed
536 1990 670 2009 vacuum
687 1978 779 2015 dixit,
797 1977 930 2008 credidit
945 1989 1019 2020 ergo
1036 1978 1158 2009 timens.

417 2034 481 2065 Nec
497 2035 606 2076 praesul
622 2034 728 2077 tetigit
742 2034 920 2071 monialem,
937 2046 1029 2076 quam
1045 2034 1182 2076 tetigisse

459 2090 633 2133 Proposuit,
650 2090 729 2121 sieut
746 2090 867 2121 dixerat
883 2102 964 2120 unus
980 2090 1032 2120 ibi.

416 2146 538 2188 Deponi
554 2146 683 2177 ducibus
695 2146 807 2177 fastum
824 2158 900 2177 crux
917 2153 1013 2188 optat,
1031 2153 1062 2177 et
1077 2147 1143 2187 ejus

458 2202 620 2233 Heraclius
636 2202 746 2239 cultor,
763 2202 925 2244 clausaque
941 2208 1030 2244 porta
1049 2201 1160 2232 Salem.

416 2258 482 2289 Rex
498 2257 625 2288 humilis
640 2257 738 2288 factus
752 2264 915 2288 reseratam
932 2257 1020 2287 venit
1035 2257 1068 2287 in
1086 2257 1204 2294 urbem⁷

458 2314 599 2355 Angelus
614 2320 650 2344 ut
665 2314 797 2352 monuit,
814 2313 997 2355 edocuitque
1014 2312 1098 2344 fides.

1481 380 1527 417 37

1545 1003 1565 1029 “I
1586 1003 1620 1025 De
1632 1005 1718 1026 sanctis
1730 1005 1837 1033 praxlatis,

1544 1036 1592 1057 sive
1604 1037 1715 1065 pacifici&

1545 1403 1566 1429 “J
1586 1403 1701 1425 Miracula
1717 1405 1827 1432 quaedam

1544 1442 1628 1458 crums.
