2105 2871
588 423 634 457 80
916 433 1113 458 JOHANNIS
1131 434 1183 458 DE
1203 434 1436 459 GARLANDL&

673 514 842 545 Jerusalem
858 515 1008 557 templum
1025 515 1169 547 Julianus
1185 522 1319 558 apostata
1336 517 1419 559 cogit

715 569 854 601 Condere
868 570 890 601 J
891 571 1002 608 udaeos,
1019 571 1071 602 sed
1087 579 1174 602 vorat
1189 572 1271 613 ignis
1287 583 1346 603 eos.

673 625 887 656 Fundamenta
899 627 1004 667 jacent
1014 627 1112 668 operis
1128 627 1271 669 dispersa,
1289 626 1443 669 fidemque

513 686 528 706 —2'
560 693 570 698 ”
639 719 649 722 ν
715 681 808 711 Multi
824 681 951 711 confessi
967 681 1053 723 signa
1070 681 1233 724 Deumque
1249 683 1370 713 timent.

674 736 819 767 Vestibus
834 736 958 767 illorum
975 748 1056 767 sacra
1072 749 1149 767 crux
1165 737 1197 767 in
1214 744 1302 768 nocte
1319 737 1457 779 sequenti

717 791 771 822 Est
786 792 922 829 inventa,
939 792 1050 834 quibus
1066 798 1110 822 cst
1126 792 1196 823 data
1212 792 1300 824 firma
1313 793 1396 824 fides.

674 847 747 878 Haec
763 847 892 878 docuere
907 847 992 889 sequi
1007 846 1087 889 regis
1102 847 1216 878 vexilla
1233 848 1357 890 superni

717 902 857 933 Ecclesiae
873 910 987 933 turmas
1003 903 1241 945 conspicuosque
1256 903 1358 935 duces.

673 959 771 1001 Impia
788 966 945 1002 magnates
961 959 1074 1000 injuste
1090 960 1169 990 bella
1185 967 1354 997 moventes,

716 1015 767 1046 Ad
784 1022 872 1057 styga
888 1027 983 1057 quum
1000 1014 1125 1052 cadunt,
1143 1015 1268 1056 agmina
1281 1015 1379 1046 multa
1395 1015 1533 1046 trahunt.

673 1070 761 1102 Heu!
778 1071 849 1112 quia
865 1077 911 1101 tot-
926 1076 1064 1113 pereunt,
1082 1070 1145 1101 haec
1161 1077 1204 1100 est
1221 1070 1320 1112 elegia
1331 1081 1460 1107 summa,

715 1126 808 1157 Nulla
824 1126 888 1157 dies
902 1126 1026 1157 miseros
1042 1125 1123 1168 quod
1139 1137 1282 1156 revocare
1298 1131 1406 1167 potest.

673 1182 823 1224 Tempore
835 1181 947 1222 judieii
962 1187 1100 1223 surgent,
1117 1181 1169 1212 scd
1181 1181 1287 1222 judice
1300 1181 1365 1211 viso

715 1237 850 1268 Tantum
867 1237 1048 1268 damnandis
1064 1248 1119 1279 pro
1135 1243 1223 1279 styge
1239 1243 1336 1267 terror
1352 1236 1419 1267 erit.

263 1298 280 1325 Ἦ
300 1299 334 1320 De
347 1298 407 1320 bono
419 1298 508 1320 comitis
672 1291 811 1323 Tholosae
827 1292 968 1334 princeps
985 1291 1162 1334 Aragonica
1177 1303 1272 1333 regna
1288 1291 1442 1329 movebat,

264 1330 428 1352 Montis-fortis
439 1331 502 1360 apud
517 1331 570 1353 Mu·
786 1348 792 1353 .
936 1347 941 1353 .
959 1347 965 1353 .
1088 1348 1094 1353 .
1262 1348 1267 1353 .
1294 1348 1300 1353 .

263 1363 354 1385 renum.
715 1347 809 1390 Regis
825 1354 855 1378 et
871 1347 1022 1378 auxxhum
1040 1347 1111 1378 femt
1127 1347 1230 1379 adesse
1245 1348 1311 1379 s1b1.

673 1402 756 1435 Ciu?
772 1403 842 1445 quia
859 1409 1024 1445 cognatum
1042 1403 1162 1434 comitis
1177 1415 1306 1434 necuere
1323 1403 1480 1445 Rogerum

716 1459 846 1496 Damna7
863 1458 972 1500 pudor,
989 1470 1099 1496 carcer,
1116 1459 1171 1496 ira,
1188 1459 1280 1496 dieta,
1298 1459 1393 1491 dolor.

674 1514 779 1545 Castro
796 1514 921 1545 Murelli
936 1514 1041 1545 Simon
1058 1514 1276 1552 circumdatur,
1293 1514 1357 1545 illic

716 1570 864 1601 Divinam
881 1570 1011 1612 supplex
1026 1570 1161 1601 turmula
1177 1570 1275 1612 poscit
1291 1581 1392 1612 opem.

677 1626 819 1668 Quisquis
834 1626 867 1656 in
883 1638 991 1657 aurora
1006 1632 1144 1668 suscepto
1161 1637 1285 1668 corpore
1303 1626 1417 1657 Christi

719 1682 791 1713 Post
806 1682 927 1712 missam
944 1681 1049 1712 firmus
1065 1681 1167 1712 induit
1182 1693 1265 1712 arma
1281 1693 1342 1712 sua.

677 1737 748 1768 Pars
764 1737 829 1768 exit
845 1737 1017 1768 simulando
1034 1737 1150 1779 fugam,
1167 1749 1235 1779 pars
1251 1749 1281 1768 se
1296 1743 1381 1768 tenet
1397 1737 1494 1774 intus;

718 1793 862 1824 Exclusis
878 1804 949 1823 vera
965 1792 1101 1823 ereditur
1116 1804 1178 1823 esse
1195 1792 1277 1835 fuga.

673 1848 816 1880 Clamant
831 1848 958 1886 exclusi,
976 1852 994 1865 ‘²
1010 1848 1113 1885 Nunc,
1129 1859 1212 1878 nuuc
1227 1855 1396 1890 properate,
1413 1848 1559 1879 recedunt

717 1903 839 1941 Hostes,
855 1910 923 1946 post
939 1910 1061 1945 tergum
1077 1903 1187 1934 sentiat
1203 1915 1285 1934 arma
1306 1903 1430 1945 fugax.”

674 1959 806 1989 Dimisso
822 1970 939 2001 campo,
956 1967 1023 2000 post
1038 1958 1156 1988 hostem
1173 1959 1314 1996 eui-ritus,
1331 1966 1361 1990 et
1376 1971 1432 1990 rex

716 2014 900 2057 Aragonum
917 2014 997 2045 solus
1012 2026 1090 2057 pene
1105 2014 1217 2044 resistit
1226 2014 1280 2045 ibi.

676 2070 791 2112 Symon
809 2082 878 2101 cum
895 2070 1000 2112 paucis
1015 2069 1116 2100 audax
1132 2069 1171 2100 ad
1187 2070 1266 2101 bella
1281 2070 1408 2101 retentis

717 2125 802 2163 Exit,
819 2134 849 2156 et
865 2126 984 2157 invadit
1000 2125 1085 2168 regia
1101 2131 1196 2156 castra
1212 2125 1282 2156 suis.

675 2182 797 2224 Pugnat
814 2182 857 2213 ibi
872 2183 970 2213 virtus
985 2182 1141 2218 altissima,
1158 2193 1221 2212 non
1238 2181 1311 2212 tuba
1326 2181 1452 2223 clangit,

716 2238 788 2268 Non
804 2238 943 2279 strepitat
959 2238 1062 2274 fusum,
1079 2249 1142 2267 non
1158 2249 1236 2279 vaga
1251 2249 1364 2279 pompa
1379 2237 1471 2268 volat.

674 2294 714 2324 Et
730 2300 832 2324 tamen
849 2293 942 2324 fastus
957 2293 1037 2335 regis
1053 2292 1221 2330 descendit,
1239 2300 1268 2323 et
1284 2293 1345 2323 alta

717 2349 833 2391 Pompa
849 2349 930 2380 eadit
946 2349 1025 2380 fastu
1041 2360 1113 2391 rege
1129 2348 1256 2379 cadente
1272 2359 1334 2379 suo.
