2105 2871
508 579 519 586 a

561 405 633 439 132

897 417 1096 442 JOHANNIS
1115 418 1167 442 DE
1187 417 1424 442 GARLANDLA

649 497 766 529 Urbem
783 506 940 543 postergat
958 500 1117 537 Pellaeam;
1135 499 1211 531 cur?
1233 501 1306 542 quia
1324 499 1498 541 Memphim

692 554 821 593 Tendit;
839 556 913 598 quid
930 555 1089 598 quaerens‘?
1103 556 1165 587 hue
1180 556 1298 598 agitare
1310 563 1399 586 rates.

650 609 685 639 In
703 611 839 642 tumulos
855 620 921 642 arat
937 613 1054 642 Auster
1069 623 1172 654 aquas,
1189 612 1347 654 rabiesque
1363 610 1503 653 procellae

693 666 800 703 Saevit3
828 667 894 697 vela
906 667 977 697 serit
995 668 1120 704 Auster,
1137 674 1169 697 et
1184 667 1266 698 unda
1284 674 1370 698 rates.

651 721 724 752 Nox
740 722 819 763 tegit
835 730 899 753 atra
916 722 1010 759 diem,
1027 722 1121 753 micat
1136 722 1230 753 zethei·
1246 723 1380 765 fulgure,
1397 722 1521 753 nimbus

692 776 854 814 Densatur,
871 778 978 808 nimbo
992 777 1059 808 vela
1071 778 1193 820 virique
1208 777 1343 808 madent.

651 833 733 863 Mors
749 845 831 864 mare
844 845 907 864 non
923 833 1046 870 metuit,
1063 834 1136 875 quia
1152 840 1251 864 morte
1266 833 1395 864 natatile
1411 844 1533 874 quoque

692 888 817 926 Deficit,
833 896 865 919 et
880 889 972 920 morti
989 889 1125 930 subjacet
1143 889 1243 920 omnis
1259 889 1362 919 homo.

649 943 674 974 F
677 944 828 974 ormidure
845 944 926 975 viros
942 943 1016 975 facit
1031 956 1083 975 aer
1098 944 1233 981 turbine,
1251 955 1342 986 rupes

693 1000 839 1037 Occursu,
856 1007 969 1042 pontus
986 999 1143 1038 fiuctibus,
1160 1001 1234 1043 igne
1251 1000 1352 1042 polus.

650 1055 733 1085 Dum
749 1056 895 1098 proponit
910 1056 1004 1087 1101110
1021 1056 1187 1098 disponens
1203 1055 1306 1098 gratia
1322 1055 1391 1086 coeli

693 1110 850 1153 Prospera,
868 1120 936 1154 post
952 1112 1102 1155 lacrymas
1119 1112 1311 1155 prosperiora
1328 1111 1411 1142 facit.

651 1166 730 1197 Cum
747 1173 844 1198 turres
860 1168 936 1198 altas
954 1168 1103 1215 Damiatae
1120 1168 1226 1199 navita
1242 1168 1351 1205 cernit,

694 1222 811 1253 Divino
826 1233 906 1254 nutu
922 1231 1034 1255 ventus
1050 1232 1080 1256 et
1096 1225 1179 1256 unda
1195 1224 1295 1255 silent.

654 1278 835 1309 Inconcussa
852 1278 937 1316 fides,
954 1291 1021 1322 spes
1033 1281 1139 1318 ardua,
1156 1292 1234 1312 crux
1251 1279 1438 1316 veneranda,

697 1333 812 1370 Salvat,
830 1334 898 1371 fert,
912 1335 1007 1372 sedat,
1025 1348 1162 1378 corpora,
1180 1344 1263 1372 vota,
1281 1347 1375 1366 mare.

651 1388 794 1420 Consiliis
810 1389 895 1421 initis
910 1399 1076 1433 properant
1092 1392 1279 1434 quicumque
1295 1391 1420 1422 balistas

698 1444 836 1482 Portant,
854 1453 887 1476 ut
905 1445 1020 1477 faciant
1035 1447 1149 1489 praevia
1165 1447 1226 1478 tela
1241 1447 1334 1477 viam.

654 1499 784 1530 Francia
800 1500 824 1530 si
842 1500 921 1531 fallit
937 1513 1053 1544 regem,
1071 1514 1128 1533 nec
1147 1503 1263 1552 Sceana
1278 1503 1385 1545 pisces,

696 1555 760 1586 Nec
778 1556 865 1587 lucus
876 1557 1009 1595 frondes,
1026 1569 1082 1588 nec
1099 1558 1187 1600 polus
1203 1565 1283 1589 astra
1298 1559 1390 1600 gerit.

656 1611 715 1642 Sed
732 1611 756 1641 si
773 1612 815 1643 sic
829 1613 955 1654 quidam
973 1613 1045 1644 fidei
1062 1614 1177 1644 virtute
1193 1614 1360 1651 stetissent,

699 1666 763 1698 Sub
782 1667 903 1699 Parthis
919 1669 1031 1700 iterum
1048 1682 1111 1700 11011
1129 1670 1274 1700 Damiata
1291 1670 1377 1700 foret.

654 1723 721 1753 Pila
736 1723 843 1754 volant
857 1724 946 1766 plura
963 1725 1083 1756 vernali
1098 1726 1263 1768 grandine,
1280 1732 1412 1756 mortem

700 1778 868 1817 Incutiens,
880 1781 985 1812 crebro
1001 1781 1091 1812 missa
1107 1782 1220 1824 sagitta
1235 1781 1333 1812 rubet.

655 1834 691 1864 In
709 1841 804 1876 ponto
820 1845 961 1878 pugnant
977 1837 1088 1878 primo,
1104 1837 1284 1879 ducuntque
1300 1837 1401 1879 galeas

702 1889 808 1920 Induti
821 1890 933 1932 galeas,
951 1898 1033 1922 stant
1049 1892 1249 1934 animantque
1265 1904 1343 1923 suos.

656 1945 786 1976 Credunt
802 1945 982 1978 innumeros
997 1948 1099 1989 pauci,
1116 1948 1324 1990 membrisque
1340 1948 1485 1990 gigantes

700 2001 802 2038 Parvi,
820 2002 971 2033 terribiles
987 2014 1072 2040 voce,
1090 2010 1212 2034 caterva
1229 2003 1348 2034 decens.

658 2056 719 2086 Hic
735 2057 837 2098 pedes,
855 2057 907 2088 hic
922 2066 953 2088 et
965 2070 1071 2100 eques;
1088 2058 1218 2101 pedites,
1233 2059 1412 2100 equitesque
1429 2059 1580 2096 relidunt3

702 2111 853 2143 Sternunt
869 2113 1094 2155 quadrupedes,
1111 2114 1366 2156 praecipitantque
1382 2114 1474 2145 viros.

661 2168 773 2198 Obruit
789 2167 844 2198 hos
860 2168 992 2210 sonipes,
1008 2168 1077 2199 illos
1093 2169 1208 2200 ferrum
1224 2169 1349 2211 premit,
1366 2169 1440 2200 istos

704 2223 797 2254 Unda
813 2231 912 2261 vorat,
929 2224 1062 2255 moriens
1078 2224 1129 2255 hic
1145 2225 1254 2267 gemit,
1271 2225 1324 2255 ille
1340 2232 1430 2256 tacet.

663 2279 757 2320 Regis
773 2279 812 2309 ad
828 2280 1007 2322 exemplum
1024 2280 1136 2322 pelago
1151 2292 1181 2311 se
1197 2289 1305 2311 caetera
1320 2281 1411 2312 turba

701 2335 890 2373 Committit‚
908 2344 1029 2378 pugnat
1044 2336 1096 2367 hie
1111 2336 1143 2367 in
1162 2337 1250 2378 aquis
1266 2345 1296 2368 et
1313 2337 1408 2379 equis.
