2105 2871
275 923 321 945 Ἰού

274 1496 321 1519 3¹0

272 2051 299 2069 '25‘
310 2050 321 2068 ¹)

540 446 591 470 DE
610 443 835 470 TRIUMPHIS
854 441 1052 467 ECCLESIAE
1071 440 1185 465 LIBRI
1205 440 1287 465 SEX.

404 530 556 571 Tempora
571 534 765 558 commutans
780 525 912 556 labentis
929 523 1075 566 temporis
1091 529 1196 553 auctor

443 584 524 615 Cum
540 574 609 614 111111
625 581 807 624 tranquillat
822 592 902 624 aera,
920 580 1005 610 sedat
1022 590 1125 621 aquas.

405 641 556 683 Tempora
572 651 639 682 quae
654 638 762 670 statuit
779 637 933 668 Dominus
949 635 1007 666 sibi
1022 646 1114 666 nemo
1130 634 1281 669 revolvat,

448 697 522 736 Quae
537 702 602 726 rata
618 694 741 726 secretis
757 693 903 724 terminat
918 692 983 734 ipse
1000 691 1076 727 suis;

406 752 467 783 Sed
483 758 572 788 sator,
589 757 620 781 et
635 749 784 787 medicus,
798 756 829 779 01
844 748 950 779 navita
965 754 1105 789 tempora
1121 754 1255 782 servant,

448 808 516 838 Aut
531 807 714 838 inconsultis
729 805 881 837 terminus
897 816 980 835 error
996 803 1065 834 erit.

406 865 442 894 In
459 875 514 894 nos
528 875 592 894 non
607 862 706 894 solum
724 861 850 892 desaevit
865 867 977 891 ventus
993 866 1023 890 et
1040 858 1132 901 ignis,

390 961 409 967 l
449 919 509 951 Sed
524 931 609 950 mare
624 917 794 960 consurgit,
812 923 953 958 terraque
969 921 1053 945 mota
1068 913 1184 945 tremit.

405 976 475 1007 Hoc
492 976 565 1006 facit
581 986 721 1006 excessus
737 980 850 1010 nostor,
866 984 923 1003 1100
939 967 1047 1002 caerula
1064 970 1163 1001 solum

450 1031 607 1063 Invadunt
622 1031 755 1073 plebem,
772 1029 897 1071 regibus
912 1028 1009 1058 imino
1026 1032 1147 1057 nocent.

405 1088 541 1131 Argenti
557 1087 688 1130 cupidus
700 1085 826 1117 venturi
842 1096 938 1115 caeous
955 1094 1105 1125 aquarum

451 1144 601 1181 Sulcator,
619 1143 691 1174 vitae
706 1141 865 1184 prodigus,
882 1145 964 1170 errat
979 1139 1083 1169 homo.

405 1200 544 1242 [Equora
559 1199 634 1230 dum
652 1197 747 1229 verrit
763 1204 794 1227 et
810 1203 915 1232 terras,
928 1206 1050 1236 aequora
1066 1193 1170 1229 classe,

452 1256 560 1287 Terras
575 1254 743 1297 quadrigis,
759 1263 871 1294 ampne
887 1251 937 1282 vel
953 1262 1023 1281 ense
1040 1249 1128 1292 perit.

408 1311 529 1344 <Iustior
546 1318 591 1341 est
606 1309 708 1341 ventis
724 1308 843 1345 multis,
860 1307 943 1338 favet
959 1306 1011 1336 ille
1028 1305 1149 1336 tonanti

453 1366 610 1399 Collidens
625 1365 733 1402 nubes,
750 1364 833 1406 ignis
849 1362 969 1405 agendo
985 1362 1107 1404 globos;

410 1423 557 1455 Conoutit
573 1422 708 1453 inclusus
724 1427 830 1457 terras,
847 1426 877 1450 01
892 1418 1036 1461 congelat
1052 1417 1150 1448 undas

454 1480 495 1510 Et
510 1478 643 1522 pluvias,
660 1489 741 1508 unus
757 1475 898 1512 destruit,
915 1475 992 1505 altor
1008 1473 1083 1515 agit.

408 1524 494 1568 Aera
508 1546 593 1566 nuno
607 1534 702 1565 siccat
718 1533 842 1569 Boreas,
858 1542 943 1561 nune
958 1529 1072 1560 imbuit
1088 1528 1215 1564 Auster,

454 1592 515 1622 Iste
532 1596 623 1622 nocet
639 1589 736 1626 classi,
754 1599 846 1630 quam
863 1593 968 1617 tamen
984 1585 1036 1615 1110
1049 1585 1150 1625 juvat.

412 1648 463 1679 Sic
478 1648 511 1678 in
526 1645 669 1689 praesenti
685 1656 741 1675 rex
757 1643 852 1674 sentit
867 1648 1006 1683 tempore
1022 1646 1132 1670 ventos

455 1702 625 1739 Instabiles,
642 1713 697 1744 per
712 1711 788 1742 quos
803 1698 887 1730 unda
903 1696 1033 1739 superba
1050 1700 1159 1726 tumet.

412 1759 531 1802 Anglia
545 1756 728 1789 transmittit
743 1766 859 1797 regem,
877 1765 969 1796 quem
987 1752 1017 1783 N
1019 1751 1132 1782 eustria
1147 1750 1233 1781 fortis

455 1815 581 1846 Patrum
595 1813 667 1854 jure
683 1823 773 1842 suum
789 1816 892 1852 captat
907 1809 1019 1839 habere
1032 1807 1152 1838 ducem.

413 1871 528 1914 Saepius
543 1870 695 1900 humanos
710 1867 815 1898 horret
831 1872 941 1896 natura
957 1863 1120 1899 tumultus,

459 1926 519 1958 Sed
534 1930 678 1968 properat
693 1923 790 1966 pietas
806 1932 929 1964 parcere
945 1931 1065 1951 summa
1081 1917 1152 1948 suis.

414 1983 446 2014 A
462 1982 597 2025 plaustro
614 1981 727 2011 Boreas
742 1978 816 2015 ruit,
833 1976 939 2008 obviat
954 1974 1103 2006 humidus
1120 1973 1246 2009 Auster,

405 2079 419 2082 -
458 2038 665 2078 Alternatque
680 2035 780 2066 minas
795 2039 907 2064 ventus
922 2037 1051 2072 uterque
1067 2040 1144 2060 suas.

416 2095 499 2125 Dum
515 2093 606 2124 timet
621 2103 695 2134 ergo
710 2090 809 2121 minas
824 2100 880 2119 rex
896 2087 973 2118 aeris
989 2092 1019 2117 et
1034 2085 1136 2122 maris,
1152 2084 1199 2115 illi

459 2147 620 2190 Temporis
636 2154 667 2178 et
682 2145 785 2188 pelagi
801 2150 895 2175 nauta
911 2142 1028 2185 peritus
1044 2141 1098 2178 ait,

416 2210 435 2223 ‘⁸
450 2206 533 2236 Dum
549 2204 646 2235 nubes
662 2203 773 2234 Boreas
790 2199 950 2242 dispergit,
967 2205 998 2229 et
1014 2209 1083 2228 aera
1098 2208 1211 2239 purum

461 2260 586 2297 Reddit,
602 2258 723 2301 parebit
738 2256 848 2288 debilis
865 2256 980 2286 Auster
995 2253 1033 2284 ei.

421 2317 480 2349 Sed
497 2316 603 2347 Boreae
618 2314 655 2345 de
671 2320 758 2356 parte
774 2312 868 2343 trucis
883 2322 955 2342 cum
972 2309 1128 2347 fulminat,
1145 2308 1242 2339 imbre

464 2371 618 2404 Sternitur
633 2370 695 2401 alta
710 2380 806 2411 segQS,
823 2379 877 2410 per
893 2377 976 2397 mare
992 2371 1086 2396 nauta
1102 2364 1191 2407 perit.

1468 430 1513 462 21.)
