<?xml version="1.0" encoding="UTF-8"?>
<!DOCTYPE html PUBLIC "-//W3C//DTD XHTML 1.0 Transitional//EN"
    "http://www.w3.org/TR/xhtml1/DTD/xhtml1-transitional.dtd">
<html xmlns="http://www.w3.org/1999/xhtml" xml:lang="en" lang="en">
 <head>
  <title>
</title>
<meta http-equiv="Content-Type" content="text/html;charset=utf-8" />
  <meta name='ocr-system' content='tesseract 3.04.00' />
  <meta name='ocr-capabilities' content='ocr_page ocr_carea ocr_par ocr_line ocrx_word'/>
</head>
<body>
  <div class='ocr_page' id='page_1' title='image "./johannisdegarlan00johnuoft_0077.png"; bbox 0 0 2105 2871; ppageno 0'>
   <div class='ocr_carea' id='block_1_1' title="bbox 315 1024 370 1046">
    <p class='ocr_par' dir='ltr' id='par_1_1' title="bbox 315 1024 370 1046">
     <span class='ocr_line' id='line_1_1' title="bbox 315 1024 370 1046; baseline 0.018 -3"><span class='ocrx_word' id='word_1_1' title='bbox 315 1024 370 1046; x_wconf 54' lang='lat'>314¹.-</span> 
     </span>
    </p>
   </div>
   <div class='ocr_carea' id='block_1_2' title="bbox 549 447 1297 474">
    <p class='ocr_par' dir='ltr' id='par_1_2' title="bbox 549 447 1297 474">
     <span class='ocr_line' id='line_1_2' title="bbox 549 447 1297 474; baseline 0.003 -2"><span class='ocrx_word' id='word_1_2' title='bbox 549 448 601 472; x_wconf 83' lang='lat' dir='ltr'>DE</span> <span class='ocrx_word' id='word_1_3' title='bbox 620 447 844 473; x_wconf 79' lang='lat' dir='ltr'>TRIUMPHIS</span> <span class='ocrx_word' id='word_1_4' title='bbox 863 447 1060 473; x_wconf 80' lang='lat' dir='ltr'>ECOLESIAE</span> <span class='ocrx_word' id='word_1_5' title='bbox 1079 448 1194 473; x_wconf 88' lang='lat' dir='ltr'><strong>LIBRI</strong></span> <span class='ocrx_word' id='word_1_6' title='bbox 1214 449 1297 474; x_wconf 87' lang='lat' dir='ltr'><strong>SEX.</strong></span> 
     </span>
    </p>
   </div>
   <div class='ocr_carea' id='block_1_3' title="bbox 417 529 1249 1634">
    <p class='ocr_par' dir='ltr' id='par_1_3' title="bbox 417 529 1249 1634">
     <span class='ocr_line' id='line_1_3' title="bbox 420 529 1220 572; baseline 0.001 -12"><span class='ocrx_word' id='word_1_7' title='bbox 420 530 488 561; x_wconf 74' lang='lat' dir='ltr'>Hiis</span> <span class='ocrx_word' id='word_1_8' title='bbox 504 530 619 572; x_wconf 82' lang='lat' dir='ltr'>campis</span> <span class='ocrx_word' id='word_1_9' title='bbox 635 529 792 572; x_wconf 87' lang='lat' dir='ltr'>quondam</span> <span class='ocrx_word' id='word_1_10' title='bbox 808 529 943 560; x_wconf 81' lang='lat' dir='ltr'>tulerant</span> <span class='ocrx_word' id='word_1_11' title='bbox 958 529 1081 560; x_wconf 79' lang='lat' dir='ltr'>hastilia</span> <span class='ocrx_word' id='word_1_12' title='bbox 1097 529 1220 561; x_wconf 83' lang='lat' dir='ltr'>frondes</span> 
     </span>
     <span class='ocr_line' id='line_1_4' title="bbox 463 585 1207 628; baseline -0.001 -11"><span class='ocrx_word' id='word_1_13' title='bbox 463 586 583 617; x_wconf 90' lang='lat' dir='ltr'>Horum</span> <span class='ocrx_word' id='word_1_14' title='bbox 599 597 675 628; x_wconf 87' lang='lat' dir='ltr'>quos</span> <span class='ocrx_word' id='word_1_15' title='bbox 692 585 824 616; x_wconf 84' lang='lat' dir='ltr'>Karolus</span> <span class='ocrx_word' id='word_1_16' title='bbox 838 585 922 616; x_wconf 81' lang='lat' dir='ltr'>misit</span> <span class='ocrx_word' id='word_1_17' title='bbox 938 585 970 616; x_wconf 86' lang='lat' dir='ltr'>in</span> <span class='ocrx_word' id='word_1_18' title='bbox 987 597 1070 616; x_wconf 79' lang='lat' dir='ltr'>arma</span> <span class='ocrx_word' id='word_1_19' title='bbox 1085 586 1207 628; x_wconf 85' lang='lat' dir='ltr'>probos,</span> 
     </span>
     <span class='ocr_line' id='line_1_5' title="bbox 417 641 1151 685; baseline 0.001 -12"><span class='ocrx_word' id='word_1_20' title='bbox 417 642 601 685; x_wconf 83' lang='lat' dir='ltr'>Agolandus</span> <span class='ocrx_word' id='word_1_21' title='bbox 616 642 650 672; x_wconf 86' lang='lat' dir='ltr'>in</span> <span class='ocrx_word' id='word_1_22' title='bbox 665 641 725 672; x_wconf 85' lang='lat' dir='ltr'>hiis</span> <span class='ocrx_word' id='word_1_23' title='bbox 741 641 864 684; x_wconf 83' lang='lat' dir='ltr'>quando</span> <span class='ocrx_word' id='word_1_24' title='bbox 879 641 1020 673; x_wconf 80' lang='lat' dir='ltr'>victricia</span> <span class='ocrx_word' id='word_1_25' title='bbox 1036 643 1151 685; x_wconf 83' lang='lat' dir='ltr'>campis</span> 
     </span>
     <span class='ocr_line' id='line_1_6' title="bbox 461 698 1079 741; baseline 0 -12"><span class='ocrx_word' id='word_1_26' title='bbox 461 698 582 741; x_wconf 81' lang='lat' dir='ltr'>Effugit</span> <span class='ocrx_word' id='word_1_27' title='bbox 600 698 706 729; x_wconf 83' lang='lat' dir='ltr'>Karoli</span> <span class='ocrx_word' id='word_1_28' title='bbox 722 698 810 740; x_wconf 83' lang='lat' dir='ltr'>signa</span> <span class='ocrx_word' id='word_1_29' title='bbox 826 698 980 741; x_wconf 85' lang='lat' dir='ltr'>sequentis</span> <span class='ocrx_word' id='word_1_30' title='bbox 996 710 1079 737; x_wconf 88' lang='lat' dir='ltr'>eum,</span> 
     </span>
     <span class='ocr_line' id='line_1_7' title="bbox 418 754 1125 797; baseline 0.001 -12"><span class='ocrx_word' id='word_1_31' title='bbox 418 755 516 794; x_wconf 84' lang='lat' dir='ltr'>Quem</span> <span class='ocrx_word' id='word_1_32' title='bbox 535 754 734 797; x_wconf 81' lang='lat' dir='ltr'>Pampiloniae</span> <span class='ocrx_word' id='word_1_33' title='bbox 750 754 878 785; x_wconf 81' lang='lat' dir='ltr'>devietis</span> <span class='ocrx_word' id='word_1_34' title='bbox 894 754 979 785; x_wconf 86' lang='lat' dir='ltr'>mille</span> <span class='ocrx_word' id='word_1_35' title='bbox 995 755 1125 796; x_wconf 79' lang='lat' dir='ltr'>peremit</span> 
     </span>
     <span class='ocr_line' id='line_1_8' title="bbox 462 809 1106 847; baseline -0.002 -6"><span class='ocrx_word' id='word_1_36' title='bbox 462 810 599 847; x_wconf 83' lang='lat' dir='ltr'>Milibus‚</span> <span class='ocrx_word' id='word_1_37' title='bbox 616 816 647 840; x_wconf 84' lang='lat' dir='ltr'>et</span> <span class='ocrx_word' id='word_1_38' title='bbox 663 809 800 840; x_wconf 87' lang='lat' dir='ltr'>Domino</span> <span class='ocrx_word' id='word_1_39' title='bbox 817 809 921 840; x_wconf 83' lang='lat' dir='ltr'>debita</span> <span class='ocrx_word' id='word_1_40' title='bbox 935 816 1008 840; x_wconf 86' lang='lat' dir='ltr'>vota</span> <span class='ocrx_word' id='word_1_41' title='bbox 1025 809 1106 841; x_wconf 82' lang='lat' dir='ltr'>tulit.</span> 
     </span>
     <span class='ocr_line' id='line_1_9' title="bbox 418 864 1094 908; baseline 0 -12"><span class='ocrx_word' id='word_1_42' title='bbox 418 865 536 908; x_wconf 81' lang='lat' dir='ltr'>Anglia</span> <span class='ocrx_word' id='word_1_43' title='bbox 552 865 602 896; x_wconf 90' lang='lat' dir='ltr'>cui</span> <span class='ocrx_word' id='word_1_44' title='bbox 618 865 722 903; x_wconf 85' lang='lat' dir='ltr'>servit,</span> <span class='ocrx_word' id='word_1_45' title='bbox 740 871 771 896; x_wconf 86' lang='grc'>01</span> <span class='ocrx_word' id='word_1_46' title='bbox 782 864 832 895; x_wconf 88' lang='grc'><strong>0111</strong></span> <span class='ocrx_word' id='word_1_47' title='bbox 848 864 979 907; x_wconf 79' lang='lat' dir='ltr'>vestigia</span> <span class='ocrx_word' id='word_1_48' title='bbox 995 864 1094 896; x_wconf 85' lang='lat' dir='ltr'>flectit</span> 
     </span>
     <span class='ocr_line' id='line_1_10' title="bbox 462 921 1156 963; baseline 0 -11"><span class='ocrx_word' id='word_1_49' title='bbox 462 921 562 952; x_wconf 81' lang='lat' dir='ltr'>Vasco</span> <span class='ocrx_word' id='word_1_50' title='bbox 574 921 661 959; x_wconf 84' lang='lat' dir='ltr'>levis,</span> <span class='ocrx_word' id='word_1_51' title='bbox 678 932 790 963; x_wconf 81' lang='lat' dir='ltr'>paucos</span> <span class='ocrx_word' id='word_1_52' title='bbox 805 927 964 958; x_wconf 81' lang='lat' dir='ltr'>convocat,</span> <span class='ocrx_word' id='word_1_53' title='bbox 981 932 1053 951; x_wconf 80' lang='lat' dir='ltr'>arva</span> <span class='ocrx_word' id='word_1_54' title='bbox 1069 921 1156 963; x_wconf 83' lang='lat' dir='ltr'>petit.</span> 
     </span>
     <span class='ocr_line' id='line_1_11' title="bbox 421 974 1245 1019; baseline 0.001 -12"><span class='ocrx_word' id='word_1_55' title='bbox 421 976 569 1019; x_wconf 84' lang='lat' dir='ltr'>Exposcit</span> <span class='ocrx_word' id='word_1_56' title='bbox 584 988 722 1018; x_wconf 83' lang='lat' dir='ltr'>pugnam</span> <span class='ocrx_word' id='word_1_57' title='bbox 738 975 883 1013; x_wconf 82' lang='lat' dir='ltr'>mediam,</span> <span class='ocrx_word' id='word_1_58' title='bbox 901 975 953 1006; x_wconf 84' lang='lat' dir='ltr'>sed</span> <span class='ocrx_word' id='word_1_59' title='bbox 968 974 1083 1007; x_wconf 88' lang='lat' dir='ltr'>flumen</span> <span class='ocrx_word' id='word_1_60' title='bbox 1101 977 1245 1008; x_wconf 80' lang='lat' dir='ltr'>abhorret</span> 
     </span>
     <span class='ocr_line' id='line_1_12' title="bbox 463 1031 1141 1074; baseline 0 -10"><span class='ocrx_word' id='word_1_61' title='bbox 463 1033 607 1070; x_wconf 85' lang='lat' dir='ltr'>Gallicus,</span> <span class='ocrx_word' id='word_1_62' title='bbox 624 1040 655 1064; x_wconf 90' lang='lat' dir='ltr'>et</span> <span class='ocrx_word' id='word_1_63' title='bbox 670 1032 764 1063; x_wconf 84' lang='lat' dir='ltr'>biduo</span> <span class='ocrx_word' id='word_1_64' title='bbox 779 1031 910 1074; x_wconf 80' lang='lat' dir='ltr'>pignora</span> <span class='ocrx_word' id='word_1_65' title='bbox 924 1038 1013 1074; x_wconf 82' lang='lat' dir='ltr'>pacta</span> <span class='ocrx_word' id='word_1_66' title='bbox 1028 1032 1141 1064; x_wconf 80' lang='lat' dir='ltr'>labant.</span> 
     </span>
     <span class='ocr_line' id='line_1_13' title="bbox 420 1089 1218 1132; baseline 0 -12"><span class='ocrx_word' id='word_1_67' title='bbox 420 1089 742 1132; x_wconf 84' lang='lat' dir='ltr'>Anticipant·tempus</span> <span class='ocrx_word' id='word_1_68' title='bbox 758 1094 914 1131; x_wconf 84' lang='lat' dir='ltr'>raptorum</span> <span class='ocrx_word' id='word_1_69' title='bbox 932 1095 1013 1126; x_wconf 81' lang='lat' dir='ltr'>vota,</span> <span class='ocrx_word' id='word_1_70' title='bbox 1030 1090 1218 1132; x_wconf 81' lang='lat' dir='ltr'>propinquas</span> 
     </span>
     <span class='ocr_line' id='line_1_14' title="bbox 462 1145 1211 1189; baseline -0.001 -11"><span class='ocrx_word' id='word_1_71' title='bbox 462 1146 546 1178; x_wconf 89' lang='lat' dir='ltr'>Dum</span> <span class='ocrx_word' id='word_1_72' title='bbox 563 1152 708 1189; x_wconf 84' lang='lat' dir='ltr'>superant</span> <span class='ocrx_word' id='word_1_73' title='bbox 723 1145 832 1183; x_wconf 82' lang='lat' dir='ltr'>undas,</span> <span class='ocrx_word' id='word_1_74' title='bbox 849 1152 879 1176; x_wconf 84' lang='lat' dir='ltr'>et</span> <span class='ocrx_word' id='word_1_75' title='bbox 896 1157 976 1176; x_wconf 83' lang='lat' dir='ltr'>nova</span> <span class='ocrx_word' id='word_1_76' title='bbox 992 1145 1074 1177; x_wconf 81' lang='lat' dir='ltr'>lucta</span> <span class='ocrx_word' id='word_1_77' title='bbox 1090 1152 1211 1188; x_wconf 84' lang='lat' dir='ltr'>petunt.</span> 
     </span>
     <span class='ocr_line' id='line_1_15' title="bbox 420 1201 1146 1244; baseline 0 -11"><span class='ocrx_word' id='word_1_78' title='bbox 420 1202 548 1234; x_wconf 76' lang='lat' dir='ltr'>Foedera</span> <span class='ocrx_word' id='word_1_79' title='bbox 564 1208 761 1244; x_wconf 83' lang='lat' dir='ltr'>rumpuntur,</span> <span class='ocrx_word' id='word_1_80' title='bbox 779 1201 831 1232; x_wconf 81' lang='lat' dir='ltr'>sed</span> <span class='ocrx_word' id='word_1_81' title='bbox 848 1201 919 1232; x_wconf 89' lang='lat' dir='ltr'>nolo</span> <span class='ocrx_word' id='word_1_82' title='bbox 936 1201 1048 1240; x_wconf 84' lang='lat' dir='ltr'>dicere,</span> <span class='ocrx_word' id='word_1_83' title='bbox 1067 1202 1146 1233; x_wconf 79' lang='lat' dir='ltr'>bella</span> 
     </span>
     <span class='ocr_line' id='line_1_16' title="bbox 464 1256 1051 1299; baseline 0 -11"><span class='ocrx_word' id='word_1_84' title='bbox 464 1258 502 1288; x_wconf 87' lang='lat' dir='ltr'>In</span> <span class='ocrx_word' id='word_1_85' title='bbox 517 1269 604 1288; x_wconf 80' lang='lat' dir='ltr'>eoena</span> <span class='ocrx_word' id='word_1_86' title='bbox 620 1256 710 1294; x_wconf 81' lang='lat' dir='ltr'>fiunt,</span> <span class='ocrx_word' id='word_1_87' title='bbox 727 1264 836 1288; x_wconf 83' lang='lat' dir='ltr'>caetera</span> <span class='ocrx_word' id='word_1_88' title='bbox 852 1257 929 1288; x_wconf 84' lang='lat' dir='ltr'>ferre</span> <span class='ocrx_word' id='word_1_89' title='bbox 945 1257 1051 1299; x_wconf 85' lang='lat' dir='ltr'>pudet.</span> 
     </span>
     <span class='ocr_line' id='line_1_17' title="bbox 422 1313 1218 1355; baseline 0 -11"><span class='ocrx_word' id='word_1_90' title='bbox 422 1313 487 1344; x_wconf 78' lang='lat' dir='ltr'>Vix</span> <span class='ocrx_word' id='word_1_91' title='bbox 502 1313 586 1344; x_wconf 84' lang='lat' dir='ltr'>locus</span> <span class='ocrx_word' id='word_1_92' title='bbox 602 1320 646 1344; x_wconf 85' lang='lat' dir='ltr'>est</span> <span class='ocrx_word' id='word_1_93' title='bbox 661 1313 753 1344; x_wconf 79' lang='lat' dir='ltr'>armis</span> <span class='ocrx_word' id='word_1_94' title='bbox 769 1313 843 1350; x_wconf 91' lang='grc'><strong>11110,</strong></span> <span class='ocrx_word' id='word_1_95' title='bbox 861 1313 916 1343; x_wconf 77' lang='lat' dir='ltr'>vix</span> <span class='ocrx_word' id='word_1_96' title='bbox 934 1313 1087 1355; x_wconf 80' lang='lat' dir='ltr'>Anglicus</span> <span class='ocrx_word' id='word_1_97' title='bbox 1103 1325 1218 1351; x_wconf 83' lang='lat' dir='ltr'>ensem,</span> 
     </span>
     <span class='ocr_line' id='line_1_18' title="bbox 465 1368 1154 1411; baseline -0.001 -11"><span class='ocrx_word' id='word_1_98' title='bbox 465 1370 532 1400; x_wconf 79' lang='lat' dir='ltr'>Vix</span> <span class='ocrx_word' id='word_1_99' title='bbox 547 1369 662 1400; x_wconf 79' lang='lat' dir='ltr'>vexilla</span> <span class='ocrx_word' id='word_1_100' title='bbox 678 1369 770 1411; x_wconf 79' lang='lat' dir='ltr'>capit,</span> <span class='ocrx_word' id='word_1_101' title='bbox 788 1369 843 1399; x_wconf 81' lang='lat' dir='ltr'>vix</span> <span class='ocrx_word' id='word_1_102' title='bbox 855 1368 912 1399; x_wconf 79' lang='lat' dir='ltr'>sibi</span> <span class='ocrx_word' id='word_1_103' title='bbox 929 1368 1035 1400; x_wconf 78' lang='lat' dir='ltr'>fraenat</span> <span class='ocrx_word' id='word_1_104' title='bbox 1051 1381 1154 1411; x_wconf 75' lang='lat' dir='ltr'>equos,</span> 
     </span>
     <span class='ocr_line' id='line_1_19' title="bbox 424 1425 1168 1467; baseline 0 -11"><span class='ocrx_word' id='word_1_105' title='bbox 424 1425 531 1457; x_wconf 78' lang='lat' dir='ltr'>Praelia</span> <span class='ocrx_word' id='word_1_106' title='bbox 546 1425 620 1456; x_wconf 89' lang='lat' dir='ltr'>dum</span> <span class='ocrx_word' id='word_1_107' title='bbox 636 1431 763 1467; x_wconf 85' lang='lat' dir='ltr'>propter</span> <span class='ocrx_word' id='word_1_108' title='bbox 778 1425 863 1456; x_wconf 81' lang='lat' dir='ltr'>aliud</span> <span class='ocrx_word' id='word_1_109' title='bbox 879 1425 1048 1456; x_wconf 84' lang='lat' dir='ltr'>describere</span> <span class='ocrx_word' id='word_1_110' title='bbox 1065 1437 1168 1463; x_wconf 88' lang='lat' dir='ltr'>conor,</span> 
     </span>
     <span class='ocr_line' id='line_1_20' title="bbox 464 1480 1150 1519; baseline 0 -8"><span class='ocrx_word' id='word_1_111' title='bbox 464 1481 515 1512; x_wconf 82' lang='lat' dir='ltr'>Ex</span> <span class='ocrx_word' id='word_1_112' title='bbox 530 1481 590 1512; x_wconf 83' lang='lat' dir='ltr'>hiis</span> <span class='ocrx_word' id='word_1_113' title='bbox 605 1492 745 1512; x_wconf 84' lang='lat' dir='ltr'>excessus</span> <span class='ocrx_word' id='word_1_114' title='bbox 761 1480 900 1519; x_wconf 79' lang='lat' dir='ltr'>extraho,</span> <span class='ocrx_word' id='word_1_115' title='bbox 918 1481 1040 1518; x_wconf 85' lang='lat' dir='ltr'>damna,</span> <span class='ocrx_word' id='word_1_116' title='bbox 1058 1481 1150 1512; x_wconf 80' lang='lat' dir='ltr'>nefas.</span> 
     </span>
     <span class='ocr_line' id='line_1_21' title="bbox 425 1536 1249 1579; baseline -0.001 -11"><span class='ocrx_word' id='word_1_117' title='bbox 425 1537 534 1579; x_wconf 83' lang='lat' dir='ltr'>Pugna</span> <span class='ocrx_word' id='word_1_118' title='bbox 550 1536 586 1567; x_wconf 86' lang='lat' dir='ltr'>fit</span> <span class='ocrx_word' id='word_1_119' title='bbox 600 1536 713 1567; x_wconf 81' lang='lat' dir='ltr'>infesto</span> <span class='ocrx_word' id='word_1_120' title='bbox 729 1536 798 1573; x_wconf 81' lang='lat' dir='ltr'>sibi,</span> <span class='ocrx_word' id='word_1_121' title='bbox 817 1536 900 1578; x_wconf 86' lang='lat' dir='ltr'>quod</span> <span class='ocrx_word' id='word_1_122' title='bbox 916 1536 1052 1567; x_wconf 82' lang='lat' dir='ltr'>solemne</span> <span class='ocrx_word' id='word_1_123' title='bbox 1069 1543 1145 1579; x_wconf 87' lang='lat' dir='ltr'>quot</span> <span class='ocrx_word' id='word_1_124' title='bbox 1160 1538 1249 1568; x_wconf 79' lang='lat' dir='ltr'>annis</span> 
     </span>
     <span class='ocr_line' id='line_1_22' title="bbox 463 1591 1032 1634; baseline -0.002 -11"><span class='ocrx_word' id='word_1_125' title='bbox 463 1592 648 1634; x_wconf 76' lang='lat' dir='ltr'>Magdalena</span> <span class='ocrx_word' id='word_1_126' title='bbox 663 1591 742 1634; x_wconf 85' lang='lat' dir='ltr'>petit</span> <span class='ocrx_word' id='word_1_127' title='bbox 757 1603 832 1634; x_wconf 82' lang='lat' dir='ltr'>pace</span> <span class='ocrx_word' id='word_1_128' title='bbox 849 1591 947 1622; x_wconf 83' lang='lat' dir='ltr'>Maria</span> <span class='ocrx_word' id='word_1_129' title='bbox 963 1592 1032 1623; x_wconf 87' lang='lat' dir='ltr'>coli.</span> 
     </span>
    </p>
   </div>
   <div class='ocr_carea' id='block_1_4' title="bbox 421 1647 1345 1690">
    <p class='ocr_par' dir='ltr' id='par_1_4' title="bbox 421 1647 1345 1690">
     <span class='ocr_line' id='line_1_23' title="bbox 421 1647 1345 1690; baseline -0.001 -10"><span class='ocrx_word' id='word_1_130' title='bbox 421 1649 501 1680; x_wconf 86' lang='lat' dir='ltr'>Sunt</span> <span class='ocrx_word' id='word_1_131' title='bbox 519 1659 601 1679; x_wconf 81' lang='lat' dir='ltr'>sacra</span> <span class='ocrx_word' id='word_1_132' title='bbox 617 1647 691 1678; x_wconf 85' lang='lat' dir='ltr'>festa</span> <span class='ocrx_word' id='word_1_133' title='bbox 707 1659 843 1690; x_wconf 82' lang='lat' dir='ltr'>precum,</span> <span class='ocrx_word' id='word_1_134' title='bbox 860 1654 938 1687; x_wconf 66' lang='lat' dir='ltr'>sunt¹</span> <span class='ocrx_word' id='word_1_135' title='bbox 947 1647 1056 1684; x_wconf 79' lang='lat' dir='ltr'>laudis,</span> <span class='ocrx_word' id='word_1_136' title='bbox 1074 1655 1206 1690; x_wconf 85' lang='lat' dir='ltr'>suntque</span> <span class='ocrx_word' id='word_1_137' title='bbox 1223 1649 1345 1690; x_wconf 65' lang='lat' dir='ltr'>quietis,</span> 
     </span>
    </p>
   </div>
   <div class='ocr_carea' id='block_1_5' title="bbox 422 1702 1267 2460">
    <p class='ocr_par' dir='ltr' id='par_1_5' title="bbox 422 1702 1267 2460">
     <span class='ocr_line' id='line_1_24' title="bbox 465 1702 1093 1745; baseline -0.002 -10"><span class='ocrx_word' id='word_1_138' title='bbox 465 1703 605 1741; x_wconf 61' lang='lat' dir='ltr'>Laetitiae,</span> <span class='ocrx_word' id='word_1_139' title='bbox 622 1703 731 1741; x_wconf 80' lang='lat' dir='ltr'>neniae,</span> <span class='ocrx_word' id='word_1_140' title='bbox 748 1702 960 1745; x_wconf 80' lang='lat' dir='ltr'>largifiuaeque</span> <span class='ocrx_word' id='word_1_141' title='bbox 976 1715 1093 1735; x_wconf 87' lang='lat' dir='ltr'>manus.</span> 
     </span>
     <span class='ocr_line' id='line_1_25' title="bbox 423 1758 1267 1802; baseline 0 -11"><span class='ocrx_word' id='word_1_142' title='bbox 423 1760 498 1791; x_wconf 89' lang='lat' dir='ltr'>Haeo</span> <span class='ocrx_word' id='word_1_143' title='bbox 513 1759 594 1791; x_wconf 83' lang='lat' dir='ltr'>bona</span> <span class='ocrx_word' id='word_1_144' title='bbox 610 1766 720 1790; x_wconf 72' lang='lat' dir='ltr'>cuncta</span> <span class='ocrx_word' id='word_1_145' title='bbox 738 1758 828 1789; x_wconf 89' lang='lat' dir='ltr'>miser</span> <span class='ocrx_word' id='word_1_146' title='bbox 843 1758 945 1800; x_wconf 85' lang='lat' dir='ltr'>perdit</span> <span class='ocrx_word' id='word_1_147' title='bbox 960 1759 1149 1802; x_wconf 84' lang='lat' dir='ltr'>quicumque</span> <span class='ocrx_word' id='word_1_148' title='bbox 1165 1760 1267 1791; x_wconf 80' lang='lat' dir='ltr'>labore</span> 
     </span>
     <span class='ocr_line' id='line_1_26' title="bbox 466 1813 1094 1857; baseline -0.002 -10"><span class='ocrx_word' id='word_1_149' title='bbox 466 1816 504 1847; x_wconf 87' lang='lat' dir='ltr'>Se</span> <span class='ocrx_word' id='word_1_150' title='bbox 520 1815 630 1846; x_wconf 84' lang='lat' dir='ltr'>misero</span> <span class='ocrx_word' id='word_1_151' title='bbox 647 1822 751 1852; x_wconf 72' lang='lat' dir='ltr'>vexat,</span> <span class='ocrx_word' id='word_1_152' title='bbox 768 1820 799 1844; x_wconf 85' lang='lat' dir='ltr'>et</span> <span class='ocrx_word' id='word_1_153' title='bbox 815 1814 880 1846; x_wconf 88' lang='lat' dir='ltr'>sine</span> <span class='ocrx_word' id='word_1_154' title='bbox 896 1813 958 1845; x_wconf 91' lang='lat' dir='ltr'>fine</span> <span class='ocrx_word' id='word_1_155' title='bbox 974 1822 1094 1857; x_wconf 79' lang='lat' dir='ltr'>gravat.</span> 
     </span>
     <span class='ocr_line' id='line_1_27' title="bbox 424 1870 1239 1911; baseline -0.001 -7"><span class='ocrx_word' id='word_1_156' title='bbox 424 1873 457 1904; x_wconf 88' lang='lat' dir='ltr'>Si</span> <span class='ocrx_word' id='word_1_157' title='bbox 472 1872 558 1903; x_wconf 83' lang='lat' dir='ltr'>labor</span> <span class='ocrx_word' id='word_1_158' title='bbox 573 1871 754 1902; x_wconf 81' lang='lat' dir='ltr'>incumbens</span> <span class='ocrx_word' id='word_1_159' title='bbox 770 1870 809 1901; x_wconf 87' lang='lat' dir='ltr'>sit</span> <span class='ocrx_word' id='word_1_160' title='bbox 825 1870 981 1909; x_wconf 79' lang='lat' dir='ltr'>honestus,</span> <span class='ocrx_word' id='word_1_161' title='bbox 999 1871 1038 1902; x_wconf 84' lang='lat' dir='ltr'>sit</span> <span class='ocrx_word' id='word_1_162' title='bbox 1054 1872 1239 1911; x_wconf 80' lang='lat' dir='ltr'>moderatus,</span> 
     </span>
     <span class='ocr_line' id='line_1_28' title="bbox 467 1926 988 1964; baseline -0.004 -5"><span class='ocrx_word' id='word_1_163' title='bbox 467 1927 500 1959; x_wconf 87' lang='lat' dir='ltr'>Si</span> <span class='ocrx_word' id='word_1_164' title='bbox 516 1927 606 1959; x_wconf 84' lang='lat' dir='ltr'>certis</span> <span class='ocrx_word' id='word_1_165' title='bbox 621 1926 714 1964; x_wconf 81' lang='lat' dir='ltr'>horis,</span> <span class='ocrx_word' id='word_1_166' title='bbox 731 1926 784 1957; x_wconf 93' lang='lat' dir='ltr'>ille</span> <span class='ocrx_word' id='word_1_167' title='bbox 799 1926 905 1957; x_wconf 84' lang='lat' dir='ltr'>beatus</span> <span class='ocrx_word' id='word_1_168' title='bbox 921 1926 988 1957; x_wconf 87' lang='lat' dir='ltr'>erit.</span> 
     </span>
     <span class='ocr_line' id='line_1_29' title="bbox 422 1982 1191 2026; baseline 0 -11"><span class='ocrx_word' id='word_1_169' title='bbox 422 1983 546 2015; x_wconf 80' lang='lat' dir='ltr'>Laetifer</span> <span class='ocrx_word' id='word_1_170' title='bbox 560 1983 594 2014; x_wconf 89' lang='lat' dir='ltr'>in</span> <span class='ocrx_word' id='word_1_171' title='bbox 608 1983 697 2014; x_wconf 87' lang='lat' dir='ltr'>bellis</span> <span class='ocrx_word' id='word_1_172' title='bbox 708 1982 794 2013; x_wconf 84' lang='lat' dir='ltr'>labor</span> <span class='ocrx_word' id='word_1_173' title='bbox 811 1988 866 2020; x_wconf 81' lang='lat' dir='ltr'>est,</span> <span class='ocrx_word' id='word_1_174' title='bbox 883 1983 937 2014; x_wconf 89' lang='lat' dir='ltr'>ubi</span> <span class='ocrx_word' id='word_1_175' title='bbox 953 1989 1061 2014; x_wconf 84' lang='lat' dir='ltr'>mutua</span> <span class='ocrx_word' id='word_1_176' title='bbox 1077 1989 1191 2026; x_wconf 80' lang='lat' dir='ltr'>strages</span> 
     </span>
     <span class='ocr_line' id='line_1_30' title="bbox 467 2039 1135 2082; baseline -0.003 -11"><span class='ocrx_word' id='word_1_177' title='bbox 467 2040 636 2071; x_wconf 83' lang='lat' dir='ltr'>Prosternit</span> <span class='ocrx_word' id='word_1_178' title='bbox 651 2039 792 2082; x_wconf 85' lang='lat' dir='ltr'>populos,</span> <span class='ocrx_word' id='word_1_179' title='bbox 809 2046 839 2069; x_wconf 89' lang='lat' dir='ltr'>et</span> <span class='ocrx_word' id='word_1_180' title='bbox 855 2039 1021 2081; x_wconf 82' lang='lat' dir='ltr'>populatur</span> <span class='ocrx_word' id='word_1_181' title='bbox 1036 2050 1135 2081; x_wconf 79' lang='lat' dir='ltr'>agros.</span> 
     </span>
     <span class='ocr_line' id='line_1_31' title="bbox 425 2094 1101 2138; baseline -0.006 -10"><span class='ocrx_word' id='word_1_182' title='bbox 425 2096 564 2128; x_wconf 72' lang='lat' dir='ltr'>Virtutes</span> <span class='ocrx_word' id='word_1_183' title='bbox 578 2102 709 2138; x_wconf 83' lang='lat' dir='ltr'>pereunt</span> <span class='ocrx_word' id='word_1_184' title='bbox 725 2095 840 2133; x_wconf 80' lang='lat' dir='ltr'>civiles,</span> <span class='ocrx_word' id='word_1_185' title='bbox 858 2094 970 2133; x_wconf 82' lang='lat' dir='ltr'>cautio,</span> <span class='ocrx_word' id='word_1_186' title='bbox 981 2094 1101 2135; x_wconf 84' lang='lat' dir='ltr'>justum</span> 
     </span>
     <span class='ocr_line' id='line_1_32' title="bbox 467 2151 1248 2194; baseline 0 -12"><span class='ocrx_word' id='word_1_187' title='bbox 467 2151 560 2194; x_wconf 84' lang='lat' dir='ltr'>Spem</span> <span class='ocrx_word' id='word_1_188' title='bbox 576 2151 666 2193; x_wconf 85' lang='lat' dir='ltr'>vigor</span> <span class='ocrx_word' id='word_1_189' title='bbox 681 2151 879 2193; x_wconf 75' lang='lat' dir='ltr'>amplectens,</span> <span class='ocrx_word' id='word_1_190' title='bbox 897 2156 1040 2192; x_wconf 78' lang='lat' dir='ltr'>certaque</span> <span class='ocrx_word' id='word_1_191' title='bbox 1056 2157 1138 2181; x_wconf 86' lang='lat' dir='ltr'>meta</span> <span class='ocrx_word' id='word_1_192' title='bbox 1153 2151 1248 2182; x_wconf 87' lang='lat' dir='ltr'>modi.</span> 
     </span>
     <span class='ocr_line' id='line_1_33' title="bbox 425 2206 1232 2248; baseline -0.004 -9"><span class='ocrx_word' id='word_1_193' title='bbox 425 2208 569 2240; x_wconf 86' lang='lat' dir='ltr'>Fortibus</span> <span class='ocrx_word' id='word_1_194' title='bbox 585 2214 749 2238; x_wconf 80' lang='lat' dir='ltr'>occurrunt</span> <span class='ocrx_word' id='word_1_195' title='bbox 767 2207 869 2244; x_wconf 86' lang='lat' dir='ltr'>fortes,</span> <span class='ocrx_word' id='word_1_196' title='bbox 886 2206 960 2237; x_wconf 82' lang='lat' dir='ltr'>hinc</span> <span class='ocrx_word' id='word_1_197' title='bbox 978 2206 1142 2248; x_wconf 83' lang='lat' dir='ltr'>Anglicus‚</span> <span class='ocrx_word' id='word_1_198' title='bbox 1160 2206 1232 2237; x_wconf 88' lang='lat' dir='ltr'>inde</span> 
     </span>
     <span class='ocr_line' id='line_1_34' title="bbox 468 2261 1222 2301; baseline -0.003 -6"><span class='ocrx_word' id='word_1_199' title='bbox 468 2264 614 2301; x_wconf 82' lang='lat' dir='ltr'>Gallicus,</span> <span class='ocrx_word' id='word_1_200' title='bbox 630 2263 705 2294; x_wconf 85' lang='lat' dir='ltr'>hinc</span> <span class='ocrx_word' id='word_1_201' title='bbox 720 2263 834 2301; x_wconf 79' lang='lat' dir='ltr'>Vasco,</span> <span class='ocrx_word' id='word_1_202' title='bbox 853 2263 958 2294; x_wconf 86' lang='lat' dir='ltr'>Remis</span> <span class='ocrx_word' id='word_1_203' title='bbox 974 2268 1005 2293; x_wconf 86' lang='lat' dir='ltr'>et</span> <span class='ocrx_word' id='word_1_204' title='bbox 1020 2262 1093 2293; x_wconf 86' lang='lat' dir='ltr'>inde</span> <span class='ocrx_word' id='word_1_205' title='bbox 1110 2261 1222 2294; x_wconf 88' lang='lat' dir='ltr'>furens.</span> 
     </span>
     <span class='ocr_line' id='line_1_35' title="bbox 423 2318 1220 2361; baseline -0.001 -10"><span class='ocrx_word' id='word_1_206' title='bbox 423 2319 614 2352; x_wconf 76' lang='lat' dir='ltr'>Christicolae</span> <span class='ocrx_word' id='word_1_207' title='bbox 629 2330 750 2361; x_wconf 85' lang='lat' dir='ltr'>semper</span> <span class='ocrx_word' id='word_1_208' title='bbox 764 2319 864 2361; x_wconf 85' lang='lat' dir='ltr'>posita</span> <span class='ocrx_word' id='word_1_209' title='bbox 879 2330 968 2349; x_wconf 86' lang='lat' dir='ltr'>cruce</span> <span class='ocrx_word' id='word_1_210' title='bbox 984 2318 1093 2349; x_wconf 85' lang='lat' dir='ltr'>frontis</span> <span class='ocrx_word' id='word_1_211' title='bbox 1108 2319 1141 2349; x_wconf 87' lang='lat' dir='ltr'>in</span> <span class='ocrx_word' id='word_1_212' title='bbox 1157 2319 1220 2350; x_wconf 84' lang='lat' dir='ltr'>alto</span> 
     </span>
     <span class='ocr_line' id='line_1_36' title="bbox 468 2373 1170 2416; baseline 0 -10"><span class='ocrx_word' id='word_1_213' title='bbox 468 2375 505 2406; x_wconf 90' lang='lat' dir='ltr'>In</span> <span class='ocrx_word' id='word_1_214' title='bbox 521 2374 637 2406; x_wconf 87' lang='lat' dir='ltr'>bellum</span> <span class='ocrx_word' id='word_1_215' title='bbox 653 2374 795 2412; x_wconf 86' lang='lat' dir='ltr'>veniunt,</span> <span class='ocrx_word' id='word_1_216' title='bbox 813 2385 865 2416; x_wconf 88' lang='lat' dir='ltr'>spe</span> <span class='ocrx_word' id='word_1_217' title='bbox 882 2374 1049 2405; x_wconf 82' lang='lat' dir='ltr'>comitante</span> <span class='ocrx_word' id='word_1_218' title='bbox 1064 2373 1170 2406; x_wconf 88' lang='lat' dir='ltr'>fidem.</span> 
     </span>
     <span class='ocr_line' id='line_1_37' title="bbox 872 2439 883 2460; baseline 0 0"><span class='ocrx_word' id='word_1_219' title='bbox 872 2439 883 2460; x_wconf 92' lang='lat'>1</span> 
     </span>
    </p>
   </div>
   <div class='ocr_carea' id='block_1_6' title="bbox 1477 443 1497 474">
    <p class='ocr_par' dir='ltr' id='par_1_6' title="bbox 1477 443 1497 474">
     <span class='ocr_line' id='line_1_38' title="bbox 1477 443 1497 474; textangle 90"><span class='ocrx_word' id='word_1_220' title='bbox 1477 443 1497 474; x_wconf 66' lang='grc' dir='ltr'>Ο(</span> 
     </span>
    </p>
   </div>
  </div>
 </body>
</html>
