2105 2871
571 430 617 464 88

905 438 1104 463 JOHANNIS
1124 439 1175 463 DE
1196 438 1431 464 GARLANDIA

658 521 721 552 Hos
737 533 800 552 non
816 521 938 563 relligio
955 521 1008 552 sed
1025 533 1171 552 nummus
1186 521 1334 563 perdocet
1351 521 1442 551 horas

707 577 857 608 Sumendi
873 577 999 614 reditus,
1015 588 1081 613 aera,
1099 576 1257 618 phalerna,
1275 576 1378 607 cados.

660 634 804 664 Nummis
820 640 1009 676 postponunt
1025 640 1200 663 sanctorum
1217 633 1301 669 festa,
1319 633 1465 674 diemque

704 689 896 721 Servandum
910 688 1049 725 Domini,
1063 689 1206 730 jussaque
1222 695 1325 719 saneta
1343 688 1410 718 Dei.

660 746 871 787 Multiplicant
887 751 917 775 01
933 744 1108 781 dimidiant,
1125 744 1244 774 addunt
1260 744 1328 782 sibi,
1346 744 1435 774 nobis

705 801 896 833 Subtraxisse
913 801 1033 838 volunt,
1050 812 1121 831 011111
1138 801 1194 831 sibi
1210 812 1297 843 posse
1314 801 1415 831 datur.

661 858 732 888 Non
747 864 784 888 ut
795 857 939 898 jejunent
956 868 1010 898 per
1025 862 1163 898 tempora
1180 863 1311 898 quatuor
1327 857 1412 892 anni,

705 913 835 944 Discunt
853 912 986 943 declives
1002 923 1180 942 enumerare
1198 911 1271 942 (1105.

665 969 725 1000 Sed
744 968 872 999 Pharios
888 967 1020 1009 (ligitare
1033 967 1097 998 (1105
1114 967 1259 1005 didicere,
1276 972 1421 1009 putantes

705 1025 839 1055 Pravurn
856 1023 1045 1065 temporibus
1061 1034 1151 1054 omen
1168 1023 1264 1053 inesse
1280 1022 1379 1053 bonis.

661 1080 811 1111 Ediscunt
826 1091 922 1110 annos
938 1079 1065 1109 Domini
1081 1078 1240 1120 quadrare,
1257 1077 1393 1108 notando

704 1135 892 1171 Bissextum,
906 1135 958 1165 sed
974 1134 1089 1165 habent
1106 1140 1178 1164 vota
1193 1133 1338 1175 sitimque
1354 1133 1442 1163 lucri.

660 1191 734 1230 Quis
750 1190 843 1221 ciclus
858 1189 979 1220 notulas
996 1189 1123 1220 Domini
1140 1189 1344 1231 comprendit,
1361 1196 1391 1219 et
1407 1200 1514 1219 omnes

705 1248 769 1279 Scit
785 1254 1011 1284 concurrentes,
1027 1246 1080 1288 qui
1096 1257 1256 1276 numerare
1273 1245 1386 1282 studet,

664 1303 798 1334 Lucibus
814 1302 945 1333 undenis
962 1302 1077 1332 lunaris
1093 1301 1175 1343 quod
1192 1301 1293 1332 minor
1309 1313 1407 1332 annus

706 1360 801 1390 Anno
817 1359 856 1389 sit
872 1358 952 1395 solis,
970 1358 1055 1388 lucra
1071 1357 1225 1399 sequendo
1241 1363 1337 1388 notat.

662 1416 773 1446 Annos
788 1414 840 1444 ille
857 1414 963 1444 decem
980 1420 1067 1444 notat
1082 1413 1136 1450 110,
1155 1424 1328 1454 novemque
1345 1412 1474 1443 serentes

706 1471 852 1507 Primam,
870 1482 928 1511 qua
945 1469 1043 1500 foenus
1059 1469 1148 1499 dulce
1165 1469 1263 1499 redire
1280 1474 1380 1510 queat.

662 1529 741 1559 Cum
758 1526 828 1557 50115
845 1526 939 1556 ciclus
956 1525 1085 1568 vigenos
1101 1525 1223 1556 claudat
1239 1534 1270 1555 et
1286 1531 1355 1555 octo

706 1584 826 1619 Annos,
844 1582 919 1624 quid
936 1582 1013 1612 lucri
1030 1581 1165 1612 conferat
1181 1588 1246 1611 arte
1263 1586 1359 1610 notat.

664 1640 734 1670 Non
750 1651 839 1670 causa
860 1638 980 1669 Paschae
996 1644 1081 1669 curat
1097 1649 1280 1679 cognoscere
1298 1636 1424 1672 Pascha,

708 1695 838 1737 Propter
854 1706 885 1725 se
900 1694 1012 1725 festum
1030 1693 1143 1724 mobile
1162 1693 1237 1724 scire
1254 1700 1355 1734 negat.

664 1751 735 1781 Non
752 1750 803 1781 hie
821 1750 924 1780 Alano
941 1756 1028 1780 notat
1043 1761 1172 1785 annum,
1190 1748 1242 1779 sed
1259 1748 1316 1779 sibi
1334 1747 1401 1789 figit

707 1806 795 1837 Anni
811 1805 1000 1848 principium
1018 1805 1155 1847 quolibet
1172 1816 1234 1835 esse
1251 1804 1300 1835 die

668 1863 699 1894 Si
716 1862 827 1904 qnaeris
843 1874 976 1899 causam,
994 1861 1088 1892 sumit
1105 1861 1292 1898 vadimonia,
1310 1859 1427 1895 reddin

709 1917 823 1948 Massat
839 1929 910 1959 opes
926 1917 1004 1953 aliis,
1021 1917 1147 1948 devorat
1165 1928 1253 1947 orcus
1265 1928 1346 1947 eum.

665 1973 786 2004 Menses
801 1972 905 2003 metiri
921 1972 1124 2013 duodenaque
1141 1971 1229 2013 signa
1244 1971 1327 2002 beati

709 2028 899 2060 Christicolae
915 2034 1039 2069 propter
1054 2026 1130 2057 festa
1145 2027 1234 2057 beata
1249 2026 1382 2056 student.

666 2084 770 2114 Dictio
786 2084 905 2114 bissena
921 2083 974 2113 dat
990 2083 1023 2113 in
1039 2082 1146 2113 ordine
1161 2088 1332 2124 grammata
1348 2081 1460 2114 bissex,

710 2139 774 2169 Illis
790 2145 824 2169 ut
840 2150 958 2169 menses
973 2138 1112 2179 injiciare
1129 2148 1230 2179 queas.

670 2196 851 2226 Altitonans
866 2195 1020 2231 dominus,
1038 2194 1145 2225 divina
1161 2205 1280 2237 gerens,
1297 2193 1395 2224 bonus
1412 2199 1508 2227 extat,

715 2251 852 2282 Granum
869 2251 989 2281 coeleste
1006 2250 1063 2281 fert
1079 2261 1147 2288 ana,
1165 2249 1256 2286 dona,
1273 2248 1342 2279 fide.

666 2307 742 2338 Mar.
762 2307 822 2337 Ma.
841 2306 906 2337 11111.
925 2306 979 2336 Oc.
995 2317 1091 2343 senas,
1108 2305 1235 2347 reliquis
1250 2310 1358 2346 quater
1373 2304 1518 2346 imprime
1534 2314 1640 2334 nonas.

711 2364 788 2394 Octo
805 2370 876 2393 sunt
892 2362 971 2398 idus,
985 2360 1240 2402 subsequiturque
1256 2359 1359 2390 kalen.
