2105 2871
874 409 1076 435 JOHANNIS
1093 410 1146 435 DE
1167 410 1403 436 GARLANDIA

651 492 793 524 Castrum
810 492 1044 536 Matagriphum
1062 500 1275 525 construxerat
1290 493 1355 536 ipse
1372 492 1522 535 Mycenis,

696 549 785 588 Quod
805 548 908 580 Siculo
924 549 991 591 regi
1006 555 1087 580 meta
1102 556 1264 590 metusque
1280 548 1350 580 fuit.

652 603 752 644 Major
767 604 805 634 de
821 616 934 647 magna
952 605 1132 636 Ludovieus
1147 605 1242 648 stirpe
1258 605 1385 636 Rieardi

694 659 852 691 Laudibus
868 672 885 691 a
900 660 994 691 tantis
1009 672 1073 691 non
1089 661 1206 692 alienus
1221 661 1290 693 erit.

650 715 733 746 Vere
749 727 830 746 novo
847 716 973 747 classem
989 716 1115 747 solvunt
1130 717 1163 747 in
1178 717 1269 748 litore
1284 729 1382 760 reges,

694 772 778 802 Hine
792 784 849 803 rex
866 772 1027 810 Ricardus,
1044 773 1117 804 inde
1134 773 1299 816 Philippus
1314 774 1389 805 abit.

649 827 792 858 Diversus
809 833 935 858 tenuere
950 828 1026 865 vias,
1045 828 1071 858 T
1073 828 1249 860 holomaida
1264 829 1365 871 primo

692 883 895 914 Circumdant
911 884 1000 921 acies,
1018 895 1129 926 magne
1148 884 1304 926 Philippe,
1320 891 1389 915 tuae.

651 939 757 970 Litora
772 939 805 968 vi
821 939 948 981 capiunt
965 939 1088 977 Franci,
1106 939 1316 981 franguntque
1332 939 1462 970 rebelles

692 996 831 1033 Parthos⁷
849 995 925 1026 dum
942 994 1059 1025 faciunt
1074 994 1231 1036 puppibus
1246 1005 1317 1024 ense
1332 1000 1456 1024 statum.

650 1052 685 1082 In
702 1063 814 1094 paucos
826 1052 925 1093 justos
940 1061 1050 1081 manus
1066 1049 1189 1080 infinita
1204 1056 1359 1087 movetur,

692 1108 791 1147 Quam
805 1107 967 1149 reprobam
979 1106 1081 1147 justus
1097 1106 1178 1136 solus
1193 1105 1226 1136 in
1242 1117 1326 1136 arma
1342 1112 1440 1136 vocat.

648 1163 727 1195 Haec
742 1170 787 1194 est
802 1162 965 1206 pugnandi
979 1161 1149 1203 justissima
1166 1172 1256 1191 causa
1271 1159 1367 1198 fideli,

692 1220 759 1259 Qua
774 1220 879 1250 laudes
895 1219 995 1256 vivus,
1012 1224 1153 1249 mortuus
1169 1223 1249 1248 astra
1264 1223 1360 1248 tenet.

648 1276 748 1307 Electi
764 1275 885 1318 pugiles
901 1275 969 1306 eceli
986 1285 1125 1305 meruere
1140 1272 1326 1315 triumphos,

692 1332 758 1362 Ima
774 1331 826 1362 scd
841 1331 947 1362 aeterni
964 1330 1092 1361 carceris
1108 1329 1204 1360 hostis
1220 1329 1325 1360 habet.

649 1388 807 1430 Sanguine
825 1387 1009 1419 Parthorum
1026 1387 1102 1417 dum
1119 1386 1192 1416 litus
1207 1385 1352 1423 inundat,
1369 1392 1399 1416 et
1416 1385 1523 1416 Acron

691 1445 756 1475 Hos
772 1444 881 1486 recipit
896 1443 1031 1485 refugos,
1049 1448 1094 1473 est
1109 1442 1160 1472 via
1176 1441 1256 1472 faeta
1273 1440 1365 1472 eruci.

648 1501 763 1532 Praevia
779 1500 840 1531 tela
855 1500 966 1541 fugant
982 1499 1077 1535 laesos,
1093 1497 1254 1539 gladiique
1270 1508 1425 1538 sequaces,

691 1556 819 1588 Obsidet
835 1562 865 1587 et
880 1554 995 1585 victrix
1011 1553 1124 1583 moenia
1140 1553 1239 1583 clausa
1256 1551 1403 1594 phalanx.

647 1612 760 1644 Castris
778 1612 967 1642 Francorum
984 1608 1104 1647 defixis,
1121 1607 1257 1651 pereutit
1273 1615 1380 1638 omnes

690 1669 785 1699 Fama
803 1666 982 1704 Palestinos,
1000 1665 1091 1696 eorda
1107 1665 1218 1695 timore
1233 1663 1350 1706 gelans.

647 1724 763 1755 Moenia
779 1723 951 1755 defendunt
967 1720 1072 1759 clausi7
1089 1731 1265 1751 succurrere
1281 1720 1365 1750 missi

691 1781 751 1820 Qui
768 1780 900 1811 veniunt
915 1789 1029 1821 magna
1045 1777 1083 1808 de
1100 1776 1260 1818 Babylone
1277 1776 1403 1807 eadunt.

648 1837 701 1868 Ad
716 1848 821 1879 regem
837 1836 928 1866 redeo
946 1833 1125 1870 Ricardum⁷
1142 1832 1301 1863 transtulit
1316 1832 1363 1862 illi

691 1890 808 1932 Anglia
824 1889 959 1920 munitas
974 1901 1028 1931 per
1044 1888 1120 1919 freta
1135 1888 1230 1930 longa
1245 1894 1334 1919 rates.

646 1947 781 1979 Classem
798 1945 957 1988 proposuit
974 1944 1071 1987 Cypri
1088 1944 1219 1986 spoliare
1235 1950 1398 1986 tyrannus,

691 2003 732 2034 Et
747 2014 862 2045 sponsae
878 2001 959 2044 regis
974 2001 1136 2032 insidiatus
1152 2007 1225 2031 crat.

648 2058 741 2089 Hune
757 2070 812 2088 rex
828 2058 874 2088 bis
889 2057 965 2088 vicit
981 2056 1111 2098 agitans,
1128 2055 1293 2098 regnisque
1309 2062 1475 2097 tyrannum

692 2113 830 2144 Privavit
845 2112 986 2155 propriis,
1003 2110 1241 2154 perdomuitque
1258 2110 1407 2152 Cyprum.

648 2169 717 2200 Hoc
733 2168 813 2200 facto
831 2168 951 2210 Cyprus
966 2179 1054 2208 reges
1069 2166 1152 2209 capit
1167 2165 1288 2208 hospita
1303 2165 1376 2203 fida,

691 2225 782 2264 Quos,
802 2223 944 2261 Ricarde,
960 2223 1072 2265 probos
1087 2222 1177 2264 stirps
1192 2228 1246 2252 tua
1261 2233 1374 2264 magna
1391 2222 1481 2264 parit.

648 2281 754 2322 Nupta
770 2279 951 2321 Bcringaria
964 2278 1023 2309 fuit
1038 2277 1090 2308 hie
1107 2277 1276 2319 Hispanica
1292 2277 1369 2319 regi,

691 2336 790 2375 Quam
806 2347 861 2366 rex
877 2334 1039 2365 adductam
1058 2333 1130 2364 fecit
1145 2333 1247 2364 adesse
1262 2333 1348 2364 mari.
