2105 2871
560 416 581 449 Ch

895 426 1096 453 JOHANNIS
1113 428 1166 452 DE
1186 428 1422 454 GARLANDIA

646 508 771 538 Caesaris
787 508 953 551 imperium
969 509 1045 551 quid
1059 509 1153 541 habet
1169 511 1229 542 11151
1245 511 1323 543 ferre
1338 512 1497 543 laborem?

689 562 757 593 Vix
771 564 885 605 poterit
900 565 1000 595 noctis
1012 565 1076 607 ipse
1092 566 1195 608 quiete
1211 567 1282 598 frui.

648 618 709 657 Qui
725 625 817 661 caput
834 626 880 650 est
896 620 1007 651 mundi
1024 621 1123 652 Caesar
1138 629 1264 664 gentem
1281 623 1363 666 capit
1379 624 1485 662 imam,

690 674 800 706 Altera
816 682 945 706 conatur
961 676 994 706 in
1010 685 1104 719 caput
1119 677 1163 709 ire
1179 690 1278 709 suum.

648 730 703 760 Est
719 730 862 773 princeps
877 743 988 773 regum
1004 739 1092 763 terrae
1108 733 1162 775 qui
1177 742 1286 777 regnat
1305 735 1450 778 Olympo,

690 786 843 824 Christus,
861 787 915 829 qui
930 799 1018 829 reges
1033 788 1157 830 altaque
1173 790 1253 821 colla
1269 791 1384 822 domat.

649 842 746 873 Vinci
762 855 825 874 11011
841 843 965 885 poterit,
983 843 1037 886 qui
1052 850 1142 876 terrae
1156 846 1295 887 pondera
1310 847 1403 878 librat
1421 861 1427 886 ;

689 898 837 930 Caleitrat
852 900 886 930 111
902 899 1062 930 stimulum
1079 901 1217 943 quisquis
1232 903 1353 934 acerbat
1369 915 1450 935 eum.

648 955 771 993 Quanto
787 956 886 996 major
901 956 959 986 erit
976 956 1159 988 descendere
1176 957 1253 988 forte
1269 966 1402 997 coactus,

690 1010 836 1042 Culmine
852 1011 891 1042 de
906 1023 1037 1049 summo,
1054 1013 1176 1053 turpius
1191 1013 1253 1045 ima
1269 1015 1357 1056 petit.

648 1066 680 1097 Si
697 1066 764 1108 quis
780 1066 976 1108 deprimitur,
993 1067 1018 1098 si
1029 1068 1109 1109 jiuis
1124 1080 1223 1111 agone
1239 1070 1382 1112 resurgit,

692 1122 742 1152 Illi
758 1134 813 1164 pro
830 1122 932 1165 palma
947 1123 1048 1165 gloria
1063 1124 1162 1165 major
1174 1125 1243 1156 erit.

648 1178 754 1210 Primo
771 1179 955 1210 commendo
967 1180 1068 1221 justos
1084 1181 1117 1211 in
1134 1193 1233 1223 agone
1249 1181 1345 1220 fideli,

690 1235 727 1265 In
744 1246 806 1277 quo
821 1247 900 1277 papa
916 1235 1001 1277 prior
1016 1237 1142 1278 praemia
1158 1237 1258 1268 victor
1273 1237 1377 1270 habet.

648 1290 718 1321 Non
736 1297 781 1321 est
796 1291 984 1333 pauperibus
1000 1291 1115 1333 injuria
1130 1293 1256 1335 cognita
1273 1300 1407 1331 tantum,

690 1345 751 1376 Sed
767 1346 869 1376 subito
886 1346 989 1377 turbat
1006 1346 1113 1378 divit-is
1129 1347 1181 1378 1113
1197 1355 1323 1380 statum.

648 1402 732 1433 Dum
748 1414 804 1434 rex
820 1403 980 1434 Arthurus
997 1403 1104 1435 Romae
1119 1405 1177 1435 sibi
1193 1417 1289 1448 regna
1305 1406 1437 1450 subegit,

690 1459 831 1490 Perdidit
847 1460 955 1490 oceani
970 1471 1065 1502 regna
1081 1468 1193 1503 nepote
1208 1473 1278 1499 suo;

648 1514 799 1546 Occidens
817 1515 941 1546 fratrem
961 1516 1135 1548 Galvanmn
1152 1517 1231 1548 clam
1244 1518 1325 1549 ferus
1340 1519 1408 1557 iste,

691 1571 826 1602 Nomine
843 1571 1023 1611 Modredus,
1039 1573 1155 1615 spernit
1171 1573 1285 1605 habere
1300 1575 1438 1606 modmn.

648 1626 792 1658 Proditor
807 1627 839 1657 in
855 1627 938 1658 bello
955 1628 1077 1666 cecidit,
1094 1629 1191 1671 proh!
1215 1630 1301 1661 laesus
1317 1631 1354 1662 ab
1370 1631 1436 1670 illo,

690 1682 760 1713 Rex
776 1683 889 1713 tumuli
904 1684 1059 1715 modicam
1075 1685 1176 1716 vietor
1190 1685 1323 1718 habebat
1338 1686 1478 1719 humum.

647 1738 736 1768 Anni
752 1738 917 1781 quingenti
933 1740 1185 1783 quadragenique
1201 1741 1324 1784 duoque

692 1794 836 1836 Virginis
852 1806 868 1825 a
884 1802 976 1837 partu
991 1796 1164 1838 praeteriere
1180 1808 1279 1828 saorae.

649 1850 714 1881 Sub
729 1862 819 1882 eruce
835 1851 889 1893 qui
904 1851 1024 1893 patitur
1039 1852 1197 1883 mundana
1211 1853 1350 1895 pericula
1365 1866 1493 1897 pauper

693 1906 769 1948 Ejus
785 1907 817 1937 in
833 1914 947 1938 aeterna
962 1919 1036 1950 paee
1052 1908 1229 1951 triumphus
1245 1910 1314 1942 erit.

650 1962 761 1993 Pulcra
777 1962 878 2005 figura
893 1963 950 1994 tali
965 1964 1063 1995 erucis
1079 1972 1125 1995 est
1141 1977 1198 2003 res,
1215 1966 1293 1997 mira
1310 1966 1422 2009 figura,

690 2018 770 2049 Mira
787 2019 918 2061 figurata
935 2020 1072 2050 cernitur
1088 2032 1151 2052 esse
1166 2022 1274 2064 magis.

646 2075 742 2117 Agno
757 2074 894 2117 paschali
910 2075 1034 2106 Christo
1050 2077 1137 2118 quasi
1152 2077 1272 2115 limina,
1291 2077 1406 2110 frontes

689 2130 775 2162 Crux
790 2130 902 2173 signat,
920 2131 1010 2174 signo
1027 2132 1130 2163 munit
1146 2133 1183 2164 ab
1199 2133 1287 2164 hoste
1303 2133 1441 2166 domum.

646 2187 710 2218 Sub
727 2187 886 2218 Pharaone
901 2188 1003 2219 lutum
1019 2188 1188 2231 lateresque
1203 2190 1344 2221 trahebat
1361 2190 1521 2231 Hebraeus,

687 2243 748 2274 Sed
762 2243 887 2274 tandem
905 2244 1017 2275 Pharia
1032 2245 1110 2275 liber
1125 2245 1222 2276 abivit
1237 2245 1345 2278 humo.

645 2299 728 2330 Laeta
745 2299 843 2330 Maria
859 2311 943 2330 soror
959 2300 1061 2342 Moysi
1077 2313 1159 2331 nova
1175 2301 1295 2333 cantica
1311 2303 1450 2344 promsit,

686 2354 836 2385 Hostibus
852 2355 1002 2398 absorptls
1018 2368 1089 2387 cum
1108 2356 1268 2388 Pharaone
1283 2358 1370 2388 mari.
