2105 2871
266 2215 313 2236 (κέ)

523 399 575 424 DE
594 400 821 426 TRIUMPHIS
841 401 1040 426 ECCLESIAE
1059 402 1175 427 LIBRI
1194 403 1298 429 OCTO.

408 481 436 511 N
439 493 471 511 os
487 488 590 512 tamen
606 482 639 512 in
655 482 749 513 dubio
764 489 868 514 nautae
883 495 1049 525 speramus,
1066 490 1097 514 et
1112 484 1210 515 undas

453 537 648 579 Spernimus3
664 537 793 568 audaces
810 538 919 569 liberat
935 538 1000 581 ipse
1017 539 1111 570 Deus.

394 581 557 623 *Detumet
572 593 667 630 unda,
684 593 753 624 silet
769 593 897 632 Auster,
915 594 1028 625 Boreas
1043 593 1108 632 fiat,
1126 607 1254 637 opacum

454 647 586 690 Effugit,
604 649 736 691 emergit
752 649 807 686 sol,
819 661 917 692 prope
933 658 1040 692 portus
1055 651 1169 682 adest.'’

409 704 479 734 Hiis
496 704 586 735 dictis
601 705 720 736 animos
736 705 900 738 confirmat
914 707 1038 738 nautica
1054 708 1150 739 turbae

452 760 582 802 Regula,
601 761 675 791 dum
692 761 802 804 pelago
818 774 953 794 concava
968 763 1036 794 vela
1052 764 1170 796 volant.

409 815 465 846 Est
480 816 601 847 cautela
616 817 687 848 satis
702 817 871 849 tolerabilis
886 819 950 853 illa,
967 820 1020 850 sed
1036 832 1088 851 ore

450 870 613 913 Cordeque
628 871 762 903 detestor
777 873 937 916 auguriale
953 874 1047 905 nefas.

406 926 534 957 Flebilis
548 926 622 958 hinc
638 928 736 959 oritur
751 929 860 971 elegia,
877 930 951 961 dum
967 931 1149 962 maledictus

450 982 555 1014 Credit
572 983 655 1025 quod
671 984 748 1014 ratio
761 985 844 1026 quod
860 992 953 1028 negat
969 987 1049 1017 alma
1064 987 1148 1018 fides.

407 1039 525 1081 Ingerit
541 1039 602 1070 hiis
617 1052 733 1071 vanum
751 1041 900 1083 quiddam
916 1042 1114 1074 credentibus
1130 1043 1226 1074 hostis

449 1095 619 1137 Antiquus,
637 1096 719 1138 quod
736 1108 786 1128 eos
802 1097 917 1140 decipit
933 1106 998 1129 arte
1014 1110 1078 1130 sua.

405 1151 596 1182 Credulitate
612 1163 664 1182 sua
681 1153 867 1191 moriuntur,
885 1160 914 1185 et
932 1155 1040 1197 arripit
1055 1155 1167 1186 horum

450 1208 600 1239 Infaustas
615 1208 732 1240 animas
748 1222 829 1240 mors
845 1210 910 1241 sine
926 1218 1024 1242 morte
1040 1223 1177 1242 manens.

405 1263 495 1301 Quod
511 1264 628 1295 ratione
644 1272 736 1303 caret,
753 1266 835 1308 quod
851 1267 965 1308 pendet
980 1267 1018 1297 ab
1033 1267 1107 1298 alite
1121 1267 1198 1298 felix

450 1318 560 1356 Omen,
574 1331 643 1361 quae
658 1321 755 1351 nescit
771 1321 848 1352 retia
864 1322 941 1353 facta
958 1323 1031 1360 sibi;

405 1374 477 1404 Non
493 1374 559 1405 haec
575 1387 591 1405 a
608 1376 692 1407 visco
708 1377 765 1407 sibi
781 1386 944 1420 praeoavet⁷
963 1385 993 1410 et
1008 1379 1077 1417 tibi,
1094 1379 1198 1417 stulte,

451 1430 527 1468 Quae
543 1430 600 1461 sibi
616 1443 679 1462 11011
696 1433 810 1474 poterit
825 1434 929 1464 omina
945 1442 1031 1476 grata
1047 1435 1143 1467 dabit.

407 1485 505 1516 Obvia
522 1486 611 1517 bruta
628 1487 747 1518 dabunt
762 1488 820 1519 tibi
836 1500 893 1520 nee
908 1489 1000 1527 bona,
1017 1502 1074 1521 nec
1089 1491 1184 1529 mala3
1201 1492 1307 1534 tigrim

450 1542 579 1585 Excipe,
596 1554 665 1585 quae
680 1544 793 1585 praedae
808 1544 938 1586 prodiga
954 1552 1065 1577 cuncta
1080 1547 1170 1589 rapit.

406 1597 501 1629 Sortis
516 1605 547 1630 et
562 1599 686 1641 augurii
702 1599 797 1630 fallax
812 1600 911 1642 elegia
923 1601 1015 1641 justis

449 1653 495 1685 Sit
511 1655 629 1696 procul,
646 1654 703 1685 hoc
720 1655 808 1686 bellis
824 1667 915 1686 omen
932 1657 1034 1688 abesse
1050 1657 1147 1689 dccet.

403 1710 522 1741 Croesus
538 1711 646 1752 perdet
661 1710 735 1741 alim
751 1718 956 1754 transgressus
970 1713 1103 1755 plurima
1118 1726 1225 1757 regna,

446 1765 637 1808 Responsum
655 1765 759 1798 Croeso
775 1767 903 1798 funebre
918 1768 978 1799 tale
994 1768 1063 1800 fuit.

403 1821 473 1852 Rex
489 1821 578 1852 cadet
594 1822 627 1852 in
642 1822 734 1859 bello,
751 1823 857 1854 veniet
873 1823 898 1854 F
902 1825 1049 1855 errandus
1065 1825 1183 1857 honore

446 1877 590 1915 Parisins,
607 1878 713 1909 veniet
728 1878 809 1921 regis
824 1879 941 1911 honore
957 1881 1058 1912 miser.

404 1932 478 1963 Haec
493 1933 594 1964 absint
610 1933 708 1975 igitur
723 1946 739 1965 a
756 1934 867 1965 nostris
882 1936 1017 1978 regibus,
1034 1948 1119 1968 arma

446 1988 505 2019 ‹Jus
520 1995 655 2027 moveat,
672 1989 807 2032 palmam
819 1990 872 2031 jus
886 1991 1026 2033 ratioque
1043 1992 1171 2024 dabunt.

404 2044 473 2075 Rex
488 2056 544 2087 pro
555 2045 626 2086 jure
643 2057 697 2076 suo
713 2058 784 2076 cum
801 2047 958 2089 puppibus
973 2059 1095 2090 :equora
1111 2050 1209 2081 sulcat

444 2100 609 2143 Anglicus,
626 2109 657 2132 et
672 2102 749 2132 velis
765 2102 855 2133 litora
871 2109 938 2134 tuta
953 2104 1042 2146 petit.

402 2155 486 2186 Scoti
502 2157 678 2198 praeceleres
693 2164 830 2189 mactant
845 2158 878 2189 in
895 2159 985 2190 litore
1001 2166 1115 2200 tauros,

444 2211 491 2243 De
507 2212 586 2243 bove
602 2213 718 2256 viginti
734 2214 849 2245 fercula
866 2214 966 2246 danda
981 2224 1105 2258 parant;

403 2267 510 2298 Parcas
526 2268 611 2310 larga
626 2280 736 2300 manus
751 2269 902 2301 damnans
919 2271 1067 2311 Albania,
1088 2274 1194 2306 Scotos

445 2323 539 2354 Ponit
554 2323 587 2354 in
603 2325 782 2367 exemplum
800 2326 974 2369 dapsilitate
991 2340 1053 2360 sua.

898 2393 915 2414 F

1469 396 1516 430 33
