2105 2871
464 555 521 581 232⁷

242 1614 258 1641 ‘J
273 1614 307 1635 Dc
320 1613 445 1635 interdicto

242 1647 344 1675 Angliae.
358 1650 381 1668 et
393 1646 509 1667 discordia
530 1669 535 1674 ἱ
574 1666 583 1678 ¹*

242 1680 364 1701 baronum.

243 1962 259 1989 s
274 1962 309 1984 De
316 1962 420 1983 adventu
431 1961 550 1983 Lodowici

244 1995 267 2016 in
281 1995 399 2024 Angliam.

895 413 1095 439 JOHANNIS
1113 414 1166 438 DE
1187 412 1422 439 GARLANDIA

656 496 805 527 Praedixit.
819 497 936 539 populo
951 496 1093 539 praefatus
1108 497 1189 528 bella
1205 496 1319 534 futura,

651 587 675 592 Α
699 552 928 595 Discipulisque
945 553 1031 584 dedit
1046 553 1113 584 haec
1129 553 1315 584 documenta
1331 552 1401 583 suis.

656 608 738 639 Aere
754 616 914 651 surgentes
928 615 1036 640 tenues
1051 609 1217 651 aliquando
1233 620 1360 651 vapores

698 663 828 706 Frigore
844 664 1041 695 constrictam
1057 664 1244 695 constituere
1259 664 1374 695 nivem.

655 719 738 750 Aere
753 719 872 762 lar-gato
888 731 942 762 per
960 720 1069 750 Phoebi
1084 720 1212 762 spicula,
1229 720 1348 763 grando

700 775 828 818 Turget,
845 775 888 806 sic
903 775 1019 817 pluviae
1035 781 1124 817 gutta
1139 775 1241 817 gelata
1258 775 1350 806 cadit.

655 831 764 862 Aerias
779 831 876 862 nubes
891 831 916 862 si
932 831 976 862 sol
992 830 1144 867 dissolvit,
1161 837 1192 861 et
1207 831 1275 861 illas

698 887 825 928 Inponit
840 894 962 924 ventus,
979 886 1014 917 fit
1030 887 1175 930 pluvialis
1191 899 1279 929 aqua.

655 942 797 973 Nubibus
814 942 895 973 elisis
910 941 1108 973 inflammant
1122 942 1235 973 aethera
1252 928 1354 980 ventiJ

697 1000 748 1031 Sic
763 999 930 1041 aliquando
947 999 1058 1030 cadens
1074 998 1192 1029 fulmen
1206 998 1245 1029 ad
1261 998 1324 1029 ima
1340 999 1438 1029 venit.

655 1057 680 1087 E
699 1056 809 1087 tellure
826 1067 901 1086 cava
916 1055 1045 1097 cupiens
1060 1066 1223 1097 erumpere
1239 1060 1353 1085 ventus

696 1111 787 1142 Hanc
803 1118 919 1150 movet,
935 1118 966 1142 et
981 1118 1069 1142 motu
1085 1111 1199 1142 moenia
1215 1122 1293 1153 saepe
1309 1117 1416 1142 ruunt.

654 1167 734 1199 Solis
749 1167 787 1198 ab
803 1167 945 1210 opposito
961 1179 992 1198 se
1008 1175 1115 1199 curvat
1132 1167 1265 1198 discolor
1280 1167 1344 1204 iris,

696 1223 915 1265 Oceanumque
930 1223 1039 1254 bibens
1054 1223 1189 1254 nubibus
1205 1223 1310 1254 haurit
1326 1234 1428 1265 aquas.

653 1279 787 1309 Phoebus
802 1279 941 1321 pallescit
956 1279 1077 1320 objecto
1095 1291 1222 1322 corpore
1238 1279 1331 1316 lunae,

695 1334 796 1365 Tcriae
811 1335 932 1365 lunares
948 1334 1048 1366 inficit
1063 1335 1172 1365 umbra
1188 1346 1292 1377 genas.

653 1390 799 1433 Frigidus
814 1400 845 1421 ct
860 1391 957 1422 siccus
971 1398 1083 1422 ventus
1098 1403 1193 1433 vapor
1209 1397 1253 1422 est
1269 1390 1420 1421 resolutus

695 1447 747 1477 Ex
762 1447 851 1477 terris
865 1454 895 1477 ct
912 1446 1008 1489 aquis,
1025 1446 1068 1477 sic
1084 1446 1249 1477 Avicenna
1265 1447 1359 1478 canit.

651 1502 779 1533 Accidit
794 1501 917 1533 alterius
933 1502 1038 1533 formae
1053 1494 1236 1533 commixtio
1252 1502 1364 1540 ventis,

696 1558 795 1597 Quam
812 1570 898 1589 casus
913 1558 1033 1589 confert
1047 1570 1087 1589 ex
1102 1558 1229 1600 regione
1245 1558 1311 1588 ista.

653 1614 763 1645 Coram
781 1614 966 1656 Pandulpho
982 1614 1084 1656 legato
1100 1626 1196 1656 regna
1213 1614 1235 1645 J
1237 1613 1374 1644 ohannes

695 1670 785 1712 Papae
800 1670 942 1701 submisit
957 1677 987 1701 et
1003 1670 1145 1701 diadema
1161 1681 1261 1700 suum.

652 1726 759 1768 Regna
775 1738 829 1768 per
844 1725 1002 1757 ecclesiam
1018 1726 1130 1764 tenuit,
1147 1737 1201 1768 per
1216 1725 1307 1763 bella,
1324 1736 1378 1768 per
1392 1737 1505 1767 aequor,

695 1782 752 1813 Per
768 1794 835 1824 quae
851 1781 963 1813 defecit
979 1781 1075 1824 digna
1090 1781 1190 1824 perire
1206 1793 1324 1812 manus.

653 1838 794 1880 Septenis
805 1837 893 1868 annis
908 1843 1013 1868 tamen
1028 1837 1204 1874 interdicta,
1224 1836 1331 1868 relicta

696 1893 835 1924 Porticus
850 1893 984 1924 ecclcsiae
999 1892 1133 1935 plurima
1149 1892 1262 1923 damna
1277 1892 1360 1923 tulit.

653 1950 676 1981 C
679 1961 750 1980 ausa
768 1949 826 1980 fuit
845 1948 1019 1991 Stephanus
1034 1948 1159 1991 primaS,
1176 1954 1312 1979 cessante
1327 1948 1471 1990 procella,

696 2005 839 2036 Ecclesiae
855 2004 981 2035 tandem
996 2016 1059 2046 pax
1075 2004 1176 2041 datiu‘,
1194 2003 1290 2034 immo
1306 2003 1418 2035 brevis.

652 2062 732 2093 Nam
751 2061 928 2092 Ludovicus
943 2060 1029 2091 adest-
1043 2072 1099 2103 pro
1115 2060 1258 2091 libertate
1273 2060 1408 2091 tenenda

695 2118 851 2148 Bal-onum
869 2129 875 2154 ;
897 2116 997 2158 surgit
1012 2127 1128 2158 pugna,
1144 2115 1263 2157 rapina,
1280 2115 1377 2146 dolor.

652 2173 713 2204 Sed
728 2184 784 2203 rex
800 2172 945 2210 occurrit,
963 2178 1080 2202 armata
1096 2171 1188 2213 plebe
1205 2170 1343 2208 favente,

696 2228 737 2258 Et
752 2228 832 2270 perit
848 2227 881 2258 in
897 2239 987 2258 causa
1002 2227 1123 2268 bajulus
1138 2227 1203 2268 ipse
1218 2226 1327 2258 crucis.

654 2283 787 2323 Quidam
804 2283 963 2325 decipiunt
978 2294 1093 2325 regem,
1111 2282 1236 2324 quidam
1252 2281 1461 2320 Ludovicum,

697 2339 757 2370 Sed
773 2338 867 2370 finem
883 2345 993 2370 neutra
1008 2350 1077 2381 pars
1092 2338 1176 2381 capit
1190 2338 1263 2369 inde
1278 2337 1407 2369 bonum.
