2105 2871
558 440 610 465 DE
629 438 852 465 TRIUMPHIS
871 436 1068 462 ECCLESIAE
1087 435 1201 460 LIBRI
1220 435 1302 460 SEX.

425 523 483 553 Hic
500 529 580 553 retro
597 521 672 553 ferre
688 521 798 563 pedem
814 532 876 551 non
893 519 1021 550 sustinet
1036 517 1142 555 hostis⁷
1159 524 1190 548 et
1206 516 1278 547 inde

466 578 635 610 Continuat
650 577 735 608 nocti
750 576 830 608 bella
846 582 972 606 cruenta
988 575 1082 605 labor.

423 634 506 676 Ipsos
521 633 656 676 respexit
671 632 799 664 coelestis
814 632 913 674 gratia
927 642 1024 673 reges,

466 689 639 720 Incolumes
654 700 749 730 regna
766 687 849 729 quod
866 694 990 718 tenuere
1007 698 1069 717 sua.

424 743 595 775 Consilium
612 749 737 774 revocat
754 742 931 785 Anglorum
948 742 1046 784 signa,
1063 741 1194 783 satisque

466 800 521 830 Est
537 799 597 830 illis
613 804 714 829 motus
730 798 905 840 opposuisse
921 809 1016 840 pares.

422 855 598 886 &villelmus
617 855 714 896 Sayus
731 854 910 885 Burrensem
927 854 1013 884 ducit
1028 853 1066 884 ad
1082 853 1188 884 urbem

466 910 664 942 Santonieam
680 922 783 941 seeum
799 910 993 952 consociique
1009 909 1064 940 sui.

426 966 561 997 Gallicus
577 966 729 997 exclamat
745 966 838 1003 furor,
857 970 875 983 “
893 966 918 997 O
935 965 1045 1008 pudor,
1063 977 1080 995 0
1097 965 1193 1001 dolor,
1211 975 1228 994 o
1247 962 1343 993 fraus!

464 1022 490 1053 O
507 1022 621 1053 scelus!
637 1022 787 1064 abripitur
803 1021 877 1052 hine
893 1033 984 1064 eques
1000 1021 1051 1051 ille
1067 1019 1198 1063 probusl

424 1078 655 1109 Instimulemus
671 1089 774 1120 equos,
791 1084 976 1120 captumque
993 1089 1164 1119 sequamur,
1182 1082 1213 1107 et
1229 1075 1336 1105 urbem

465 1133 613 1176 Undique
629 1145 804 1164 succensam
820 1133 1044 1175 praeeipitemus
1059 1131 1219 1163 lunnmn.⁷'

423 1188 567 1220 Curritur
583 1188 621 1219 ad
637 1195 749 1231 portas,
768 1189 902 1219 Francos
918 1188 990 1219 facit
1006 1188 1050 1218 ira
1066 1195 1200 1218 recentes

464 1245 517 1276 Ad
533 1245 659 1281 bellum⁷
677 1251 792 1287 strages
807 1244 902 1275 altera
917 1243 1024 1275 erescit
1040 1243 1093 1274 ibi.

423 1301 531 1331 Simon
547 1300 584 1331 de
602 1300 785 1331 Monteforti
800 1312 855 1342 pro
872 1299 1024 1330 moenibus
1040 1304 1127 1335 astat,

464 1356 505 1387 Et
521 1363 625 1387 contra
642 1356 734 1387 fortes
751 1355 841 1386 fortia
856 1355 936 1386 bella
952 1354 1042 1397 gerit.

422 1412 451 1442 V
454 1412 463 1442 i
480 1412 596 1443 claudit
611 1419 723 1454 portaS,
740 1418 771 1442 et
786 1411 884 1442 noctis
899 1410 1043 1441 subvenit
1058 1410 1176 1447 umbra,

462 1468 628 1510 Castraque
644 1468 769 1499 dimissa
787 1467 903 1499 Gallica
920 1474 1022 1498 turma
1037 1467 1124 1509 petit.

422 1523 574 1554 Redditur
586 1523 702 1554 interea
718 1535 772 1565 par
787 1535 843 1565 pro
859 1534 941 1564 pare,
959 1522 1058 1552 milite
1074 1521 1172 1558 miles,

465 1579 576 1610 Servus
592 1591 647 1621 pro
663 1591 759 1616 servo,
778 1578 955 1609 conditione
971 1577 1046 1620 pari.

420 1635 573 1666 Henricus
588 1635 714 1677 quidam
730 1635 834 1678 gladio
851 1635 1035 1666 metuendus
1051 1640 1081 1666 et
1097 1634 1194 1665 hasta‘

463 1692 518 1722 Est
535 1703 589 1734 pro
607 1691 748 1722 Barrensi
766 1698 835 1733 tyro
852 1691 874 1722 J
876 1691 997 1722 ohanne
1014 1691 1112 1722 datus.

420 1747 490 1778 Sole
504 1753 658 1789 reportato
674 1754 761 1778 motu
776 1746 923 1788 rapientis
941 1746 1078 1789 Olympi,

462 1803 652 1845 Burdegalas
668 1803 755 1834 vadit
770 1814 825 1834 rex
841 1803 1009 1845 equitando
1025 1814 1107 1833 suus.

420 1859 592 1890 Nautarum
609 1866 707 1890 eoetus
723 1859 817 1890 intrat
833 1870 916 1889 mare
932 1859 1025 1889 classe
1041 1870 1208 1901 pererrans7

462 1915 504 1946 Et
520 1922 640 1946 vastans
655 1922 761 1958 portus
777 1926 853 1957 quos
869 1915 925 1945 seit
941 1915 1044 1945 obesse
1061 1914 1129 1946 sibi.

420 1971 501 2010 Quas
516 1972 624 2014 procul
640 1983 772 2002 oceanus
787 1971 929 2002 absorbet
944 1971 1069 2013 gurgite
1087 1976 1182 2007 vasto,

461 2027 541 2058 Illuc
556 2027 748 2069 retrogradas
763 2026 934 2068 ejaculatur
954 2037 1055 2067 aquas.

419 2083 564 2122 Quolibet
579 2083 663 2114 unda
679 2083 729 2114 die
745 2082 849 2114 refluit
865 2082 921 2120 bis,
939 2089 969 2113 et
985 2081 1084 2112 effluit
1100 2081 1174 2117 illic,

460 2138 584 2170 Effeetu
599 2139 679 2170 lunae
695 2151 761 2182 quae
777 2138 956 2169 dominatur
971 2137 1066 2179 aquis.

420 2194 539 2225 Lucani
558 2194 740 2237 Seneeaeque
757 2194 817 2225 fuit
832 2193 985 2225 sententia
1001 2192 1081 2230 talis,

461 2250 527 2281 Nee
543 2250 627 2292 quod
643 2250 811 2293 opinantur
827 2250 929 2280 dicere
946 2256 1035 2291 turpe
1052 2254 1136 2290 puto.

416 2306 552 2343 Cinthia,
570 2306 755 2344 Mercurius,
772 2305 892 2343 Venus,
909 2312 940 2336 et
959 2304 1021 2343 Sol,
1040 2304 1132 2342 Mars,
1150 2303 1171 2335 J
1174 2303 1239 2334 ovis
1255 2309 1381 2340 astrum,

453 2362 613 2401 Saturnus,
626 2362 734 2393 circlos
750 2361 792 2392 sie
807 2361 942 2392 habuere
958 2372 1042 2398 suos;

917 2426 938 2447 Κ
