<?xml version="1.0" encoding="UTF-8"?>
<!DOCTYPE html PUBLIC "-//W3C//DTD XHTML 1.0 Transitional//EN"
    "http://www.w3.org/TR/xhtml1/DTD/xhtml1-transitional.dtd">
<html xmlns="http://www.w3.org/1999/xhtml" xml:lang="en" lang="en">
 <head>
  <title>
</title>
<meta http-equiv="Content-Type" content="text/html;charset=utf-8" />
  <meta name='ocr-system' content='tesseract 3.04.00' />
  <meta name='ocr-capabilities' content='ocr_page ocr_carea ocr_par ocr_line ocrx_word'/>
</head>
<body>
  <div class='ocr_page' id='page_1' title='image "./johannisdegarlan00johnuoft_0127.png"; bbox 0 0 2105 2871; ppageno 0'>
   <div class='ocr_carea' id='block_1_1' title="bbox 542 385 1305 412">
    <p class='ocr_par' dir='ltr' id='par_1_1' title="bbox 542 385 1305 412">
     <span class='ocr_line' id='line_1_1' title="bbox 542 385 1305 412; baseline -0.001 -1"><span class='ocrx_word' id='word_1_1' title='bbox 542 387 592 411; x_wconf 86' lang='lat' dir='ltr'>DE</span> <span class='ocrx_word' id='word_1_2' title='bbox 612 386 837 412; x_wconf 73' lang='lat' dir='ltr'>TRIUMPHIS</span> <span class='ocrx_word' id='word_1_3' title='bbox 856 386 1052 411; x_wconf 80' lang='lat' dir='ltr'>ECCLESIAE</span> <span class='ocrx_word' id='word_1_4' title='bbox 1069 386 1183 410; x_wconf 83' lang='lat' dir='ltr'>LIBRI</span> <span class='ocrx_word' id='word_1_5' title='bbox 1201 385 1305 410; x_wconf 89' lang='lat' dir='ltr'><strong>OCTO.</strong></span> 
     </span>
    </p>
   </div>
   <div class='ocr_carea' id='block_1_2' title="bbox 402 467 1317 2385">
    <p class='ocr_par' dir='ltr' id='par_1_2' title="bbox 418 467 1164 565">
     <span class='ocr_line' id='line_1_2' title="bbox 418 467 1118 504; baseline -0.003 -5"><span class='ocrx_word' id='word_1_6' title='bbox 418 468 561 499; x_wconf 80' lang='lat' dir='ltr'>Haeretici</span> <span class='ocrx_word' id='word_1_7' title='bbox 577 469 652 499; x_wconf 90' lang='lat' dir='ltr'>dum</span> <span class='ocrx_word' id='word_1_8' title='bbox 670 468 856 499; x_wconf 86' lang='lat' dir='ltr'>Uuandalici</span> <span class='ocrx_word' id='word_1_9' title='bbox 873 468 970 498; x_wconf 86' lang='lat' dir='ltr'>fecere</span> <span class='ocrx_word' id='word_1_10' title='bbox 985 467 1118 504; x_wconf 86' lang='lat' dir='ltr'>ruinam,</span> 
     </span>
     <span class='ocr_line' id='line_1_3' title="bbox 459 522 1164 565; baseline -0.001 -11"><span class='ocrx_word' id='word_1_11' title='bbox 459 523 617 565; x_wconf 84' lang='lat' dir='ltr'>Compluit</span> <span class='ocrx_word' id='word_1_12' title='bbox 632 523 790 554; x_wconf 85' lang='lat' dir='ltr'>ecclesiam</span> <span class='ocrx_word' id='word_1_13' title='bbox 806 522 964 565; x_wconf 79' lang='lat' dir='ltr'>sanguinis</span> <span class='ocrx_word' id='word_1_14' title='bbox 979 523 1062 553; x_wconf 87' lang='lat' dir='ltr'>unda</span> <span class='ocrx_word' id='word_1_15' title='bbox 1078 523 1164 553; x_wconf 86' lang='lat' dir='ltr'>sacri.</span> 
     </span>
    </p>

    <p class='ocr_par' dir='ltr' id='par_1_3' title="bbox 415 578 1166 676">
     <span class='ocr_line' id='line_1_4' title="bbox 415 578 1166 621; baseline -0.001 -12"><span class='ocrx_word' id='word_1_16' title='bbox 415 579 437 610; x_wconf 84' lang='lat' dir='ltr'>J</span> <span class='ocrx_word' id='word_1_17' title='bbox 440 586 577 609; x_wconf 88' lang='lat' dir='ltr'>ustorum</span> <span class='ocrx_word' id='word_1_18' title='bbox 592 578 710 609; x_wconf 90' lang='lat' dir='ltr'>meritis</span> <span class='ocrx_word' id='word_1_19' title='bbox 725 578 872 620; x_wconf 84' lang='lat' dir='ltr'>quosdam</span> <span class='ocrx_word' id='word_1_20' title='bbox 887 578 1043 621; x_wconf 82' lang='lat' dir='ltr'>percussio</span> <span class='ocrx_word' id='word_1_21' title='bbox 1058 578 1166 609; x_wconf 63' lang='lat' dir='ltr'>stravit</span> 
     </span>
     <span class='ocr_line' id='line_1_5' title="bbox 459 634 1076 676; baseline -0.002 -10"><span class='ocrx_word' id='word_1_22' title='bbox 459 634 596 666; x_wconf 80' lang='lat' dir='ltr'>Coelestis</span> <span class='ocrx_word' id='word_1_23' title='bbox 611 634 715 676; x_wconf 82' lang='lat' dir='ltr'>digne,</span> <span class='ocrx_word' id='word_1_24' title='bbox 730 634 968 676; x_wconf 86' lang='lat' dir='ltr'>perdomuitque</span> <span class='ocrx_word' id='word_1_25' title='bbox 983 634 1076 665; x_wconf 85' lang='lat' dir='ltr'>nefas.</span> 
     </span>
    </p>

    <p class='ocr_par' dir='ltr' id='par_1_4' title="bbox 418 689 1103 776">
     <span class='ocr_line' id='line_1_6' title="bbox 418 689 1103 732; baseline 0 -12"><span class='ocrx_word' id='word_1_26' title='bbox 418 689 511 720; x_wconf 81' lang='lat' dir='ltr'>Pauci</span> <span class='ocrx_word' id='word_1_27' title='bbox 527 689 691 732; x_wconf 83' lang='lat' dir='ltr'>Burgundi</span> <span class='ocrx_word' id='word_1_28' title='bbox 707 689 830 720; x_wconf 85' lang='lat' dir='ltr'>noviter</span> <span class='ocrx_word' id='word_1_29' title='bbox 841 689 1023 732; x_wconf 85' lang='lat' dir='ltr'>baptismate</span> <span class='ocrx_word' id='word_1_30' title='bbox 1038 690 1103 727; x_wconf 83' lang='lat' dir='ltr'>loti,</span> 
     </span>
     <span class='ocr_line' id='line_1_7' title="bbox 460 745 1066 776; baseline 0.002 -1"><span class='ocrx_word' id='word_1_31' title='bbox 460 745 570 775; x_wconf 84' lang='lat' dir='ltr'>Hunos</span> <span class='ocrx_word' id='word_1_32' title='bbox 585 745 763 776; x_wconf 85' lang='lat' dir='ltr'>innumeros</span> <span class='ocrx_word' id='word_1_33' title='bbox 774 756 845 776; x_wconf 88' lang='lat' dir='ltr'>ense</span> <span class='ocrx_word' id='word_1_34' title='bbox 861 745 973 776; x_wconf 86' lang='lat' dir='ltr'>dedere</span> <span class='ocrx_word' id='word_1_35' title='bbox 988 745 1066 776; x_wconf 87' lang='lat' dir='ltr'>neci.</span> 
     </span>
    </p>

    <p class='ocr_par' dir='ltr' id='par_1_5' title="bbox 416 800 1211 898">
     <span class='ocr_line' id='line_1_8' title="bbox 416 800 1211 843; baseline 0 -12"><span class='ocrx_word' id='word_1_36' title='bbox 416 800 511 831; x_wconf 81' lang='lat' dir='ltr'>Virus</span> <span class='ocrx_word' id='word_1_37' title='bbox 526 800 627 831; x_wconf 85' lang='lat' dir='ltr'>adhuc</span> <span class='ocrx_word' id='word_1_38' title='bbox 642 800 768 842; x_wconf 86' lang='lat' dir='ltr'>quidam</span> <span class='ocrx_word' id='word_1_39' title='bbox 784 801 917 843; x_wconf 85' lang='lat' dir='ltr'>sapiunt,</span> <span class='ocrx_word' id='word_1_40' title='bbox 934 801 1114 843; x_wconf 77' lang='lat' dir='ltr'>occultaque</span> <span class='ocrx_word' id='word_1_41' title='bbox 1130 808 1211 831; x_wconf 83' lang='lat' dir='ltr'>secta</span> 
     </span>
     <span class='ocr_line' id='line_1_9' title="bbox 460 856 1079 898; baseline 0.002 -12"><span class='ocrx_word' id='word_1_42' title='bbox 460 856 572 898; x_wconf 85' lang='lat' dir='ltr'>Serpit,</span> <span class='ocrx_word' id='word_1_43' title='bbox 588 868 648 898; x_wconf 87' lang='lat' dir='ltr'>qua</span> <span class='ocrx_word' id='word_1_44' title='bbox 663 856 755 887; x_wconf 82' lang='lat' dir='ltr'>multi</span> <span class='ocrx_word' id='word_1_45' title='bbox 770 868 965 898; x_wconf 81' lang='lat' dir='ltr'>promeruere</span> <span class='ocrx_word' id='word_1_46' title='bbox 979 867 1079 898; x_wconf 87' lang='lat' dir='ltr'>rogos.</span> 
     </span>
    </p>

    <p class='ocr_par' dir='ltr' id='par_1_6' title="bbox 416 911 1189 1009">
     <span class='ocr_line' id='line_1_10' title="bbox 416 911 1189 954; baseline -0.001 -12"><span class='ocrx_word' id='word_1_47' title='bbox 416 911 534 943; x_wconf 81' lang='lat' dir='ltr'>Circuit</span> <span class='ocrx_word' id='word_1_48' title='bbox 549 912 707 943; x_wconf 81' lang='lat' dir='ltr'>ecclesiam</span> <span class='ocrx_word' id='word_1_49' title='bbox 723 912 849 942; x_wconf 80' lang='lat' dir='ltr'>bellum.</span> <span class='ocrx_word' id='word_1_50' title='bbox 863 911 930 942; x_wconf 82' lang='lat' dir='ltr'>sine</span> <span class='ocrx_word' id='word_1_51' title='bbox 945 911 1072 954; x_wconf 85' lang='lat' dir='ltr'>praeside</span> <span class='ocrx_word' id='word_1_52' title='bbox 1090 911 1189 942; x_wconf 81' lang='lat' dir='ltr'>Roma</span> 
     </span>
     <span class='ocr_line' id='line_1_11' title="bbox 459 966 1145 1009; baseline -0.001 -11"><span class='ocrx_word' id='word_1_53' title='bbox 459 967 522 1004; x_wconf 88' lang='lat' dir='ltr'>Ad,</span> <span class='ocrx_word' id='word_1_54' title='bbox 538 966 566 997; x_wconf 85' lang='lat' dir='ltr'>F</span> <span class='ocrx_word' id='word_1_55' title='bbox 568 967 713 1004; x_wconf 86' lang='lat' dir='ltr'>rederice,</span> <span class='ocrx_word' id='word_1_56' title='bbox 729 974 781 998; x_wconf 78' lang='lat' dir='ltr'>tua</span> <span class='ocrx_word' id='word_1_57' title='bbox 791 966 894 1009; x_wconf 75' lang='lat' dir='ltr'>przelia</span> <span class='ocrx_word' id='word_1_58' title='bbox 911 966 1023 997; x_wconf 76' lang='lat' dir='ltr'>damna</span> <span class='ocrx_word' id='word_1_59' title='bbox 1038 967 1145 1009; x_wconf 84' lang='lat' dir='ltr'>gemit.</span> 
     </span>
    </p>

    <p class='ocr_par' dir='ltr' id='par_1_7' title="bbox 418 1022 1187 1122">
     <span class='ocr_line' id='line_1_12' title="bbox 418 1022 1058 1065; baseline 0 -12"><span class='ocrx_word' id='word_1_60' title='bbox 418 1022 549 1064; x_wconf 77' lang='lat' dir='ltr'>Legatos</span> <span class='ocrx_word' id='word_1_61' title='bbox 564 1031 594 1054; x_wconf 88' lang='lat' dir='ltr'>et</span> <span class='ocrx_word' id='word_1_62' title='bbox 610 1023 748 1065; x_wconf 85' lang='lat' dir='ltr'>praelatos</span> <span class='ocrx_word' id='word_1_63' title='bbox 764 1023 797 1053; x_wconf 90' lang='lat' dir='ltr'>in</span> <span class='ocrx_word' id='word_1_64' title='bbox 813 1034 932 1053; x_wconf 76' lang='lat' dir='ltr'>earcere</span> <span class='ocrx_word' id='word_1_65' title='bbox 941 1023 1058 1053; x_wconf 81' lang='lat' dir='ltr'>claudit</span> 
     </span>
     <span class='ocr_line' id='line_1_13' title="bbox 460 1079 1187 1122; baseline -0.001 -12"><span class='ocrx_word' id='word_1_66' title='bbox 460 1079 616 1122; x_wconf 79' lang='lat' dir='ltr'>Princeps,</span> <span class='ocrx_word' id='word_1_67' title='bbox 632 1090 707 1121; x_wconf 86' lang='lat' dir='ltr'>quos</span> <span class='ocrx_word' id='word_1_68' title='bbox 724 1087 813 1116; x_wconf 87' lang='lat' dir='ltr'>terra,</span> <span class='ocrx_word' id='word_1_69' title='bbox 830 1090 907 1120; x_wconf 89' lang='lat' dir='ltr'>quos</span> <span class='ocrx_word' id='word_1_70' title='bbox 922 1079 1005 1121; x_wconf 80' lang='lat' dir='ltr'>capit</span> <span class='ocrx_word' id='word_1_71' title='bbox 1021 1079 1086 1121; x_wconf 82' lang='lat' dir='ltr'>ipse</span> <span class='ocrx_word' id='word_1_72' title='bbox 1102 1079 1187 1109; x_wconf 89' lang='lat' dir='ltr'>mari.</span> 
     </span>
    </p>

    <p class='ocr_par' dir='ltr' id='par_1_8' title="bbox 419 1133 1171 1232">
     <span class='ocr_line' id='line_1_14' title="bbox 419 1133 1171 1176; baseline -0.001 -11"><span class='ocrx_word' id='word_1_73' title='bbox 419 1134 547 1165; x_wconf 78' lang='lat' dir='ltr'>Praesule</span> <span class='ocrx_word' id='word_1_74' title='bbox 561 1134 659 1165; x_wconf 85' lang='lat' dir='ltr'>Roma</span> <span class='ocrx_word' id='word_1_75' title='bbox 675 1146 780 1164; x_wconf 84' lang='lat' dir='ltr'>carens</span> <span class='ocrx_word' id='word_1_76' title='bbox 795 1134 894 1176; x_wconf 81' lang='lat' dir='ltr'>spatio</span> <span class='ocrx_word' id='word_1_77' title='bbox 910 1133 1037 1164; x_wconf 63' lang='lat' dir='ltr'>viduata</span> <span class='ocrx_word' id='word_1_78' title='bbox 1052 1133 1171 1169; x_wconf 87' lang='lat' dir='ltr'>bienni,</span> 
     </span>
     <span class='ocr_line' id='line_1_15' title="bbox 459 1190 1046 1232; baseline 0 -12"><span class='ocrx_word' id='word_1_79' title='bbox 459 1190 611 1232; x_wconf 85' lang='lat' dir='ltr'>Ascripsit</span> <span class='ocrx_word' id='word_1_80' title='bbox 626 1201 722 1221; x_wconf 82' lang='lat' dir='ltr'>eausae</span> <span class='ocrx_word' id='word_1_81' title='bbox 739 1190 862 1221; x_wconf 62' lang='lat' dir='ltr'>Caesaris</span> <span class='ocrx_word' id='word_1_82' title='bbox 877 1201 962 1220; x_wconf 84' lang='lat' dir='ltr'>arma</span> <span class='ocrx_word' id='word_1_83' title='bbox 977 1201 1046 1220; x_wconf 82' lang='lat' dir='ltr'>suae.</span> 
     </span>
    </p>

    <p class='ocr_par' dir='ltr' id='par_1_9' title="bbox 416 1245 1152 1343">
     <span class='ocr_line' id='line_1_16' title="bbox 416 1245 1135 1288; baseline -0.001 -12"><span class='ocrx_word' id='word_1_84' title='bbox 416 1245 529 1288; x_wconf 87' lang='lat' dir='ltr'>Captos</span> <span class='ocrx_word' id='word_1_85' title='bbox 539 1245 677 1288; x_wconf 84' lang='lat' dir='ltr'>praelatos</span> <span class='ocrx_word' id='word_1_86' title='bbox 692 1252 795 1276; x_wconf 80' lang='lat' dir='ltr'>tamen</span> <span class='ocrx_word' id='word_1_87' title='bbox 811 1245 862 1276; x_wconf 86' lang='grc'><strong>1110</strong></span> <span class='ocrx_word' id='word_1_88' title='bbox 874 1257 891 1276; x_wconf 82' lang='grc'><strong>0</strong></span> <span class='ocrx_word' id='word_1_89' title='bbox 907 1257 1025 1276; x_wconf 83' lang='lat' dir='ltr'>carcere</span> <span class='ocrx_word' id='word_1_90' title='bbox 1042 1245 1135 1282; x_wconf 73' lang='lat' dir='ltr'>misit,</span> 
     </span>
     <span class='ocr_line' id='line_1_17' title="bbox 461 1301 1152 1343; baseline -0.003 -11"><span class='ocrx_word' id='word_1_91' title='bbox 461 1301 507 1332; x_wconf 87' lang='lat' dir='ltr'>Ut</span> <span class='ocrx_word' id='word_1_92' title='bbox 517 1302 636 1342; x_wconf 85' lang='lat' dir='ltr'>just-um</span> <span class='ocrx_word' id='word_1_93' title='bbox 652 1308 796 1343; x_wconf 82' lang='lat' dir='ltr'>caperent</span> <span class='ocrx_word' id='word_1_94' title='bbox 811 1301 851 1332; x_wconf 86' lang='lat' dir='ltr'>ad</span> <span class='ocrx_word' id='word_1_95' title='bbox 867 1301 1009 1332; x_wconf 79' lang='lat' dir='ltr'>diadema</span> <span class='ocrx_word' id='word_1_96' title='bbox 1024 1308 1152 1343; x_wconf 80' lang='lat' dir='ltr'>patrem.</span> 
     </span>
    </p>

    <p class='ocr_par' dir='ltr' id='par_1_10' title="bbox 416 1356 1146 1443">
     <span class='ocr_line' id='line_1_18' title="bbox 416 1356 1146 1399; baseline -0.001 -12"><span class='ocrx_word' id='word_1_97' title='bbox 416 1357 552 1399; x_wconf 85' lang='lat' dir='ltr'>Eligit-ur</span> <span class='ocrx_word' id='word_1_98' title='bbox 568 1364 693 1399; x_wconf 85' lang='lat' dir='ltr'>quartus</span> <span class='ocrx_word' id='word_1_99' title='bbox 708 1356 745 1387; x_wconf 89' lang='lat' dir='ltr'>In</span> <span class='ocrx_word' id='word_1_100' title='bbox 760 1368 839 1399; x_wconf 84' lang='lat' dir='ltr'>papa</span> <span class='ocrx_word' id='word_1_101' title='bbox 856 1356 1040 1393; x_wconf 79' lang='lat' dir='ltr'>-nocentius‚</span> <span class='ocrx_word' id='word_1_102' title='bbox 1057 1362 1146 1398; x_wconf 86' lang='lat' dir='ltr'>aptus</span> 
     </span>
     <span class='ocr_line' id='line_1_19' title="bbox 461 1412 1025 1443; baseline -0.002 0"><span class='ocrx_word' id='word_1_103' title='bbox 461 1412 604 1443; x_wconf 77' lang='lat' dir='ltr'>Ecclesiae</span> <span class='ocrx_word' id='word_1_104' title='bbox 618 1412 704 1443; x_wconf 85' lang='lat' dir='ltr'>fortis</span> <span class='ocrx_word' id='word_1_105' title='bbox 720 1412 798 1443; x_wconf 86' lang='lat' dir='ltr'>ferre</span> <span class='ocrx_word' id='word_1_106' title='bbox 813 1412 924 1442; x_wconf 84' lang='lat' dir='ltr'>laboris</span> <span class='ocrx_word' id='word_1_107' title='bbox 940 1423 1025 1442; x_wconf 85' lang='lat' dir='ltr'>onus.</span> 
     </span>
    </p>

    <p class='ocr_par' dir='ltr' id='par_1_11' title="bbox 417 1466 1083 1510">
     <span class='ocr_line' id='line_1_20' title="bbox 417 1466 1083 1510; baseline -0.002 -12"><span class='ocrx_word' id='word_1_108' title='bbox 417 1467 463 1499; x_wconf 88' lang='lat' dir='ltr'>Ut</span> <span class='ocrx_word' id='word_1_109' title='bbox 474 1467 637 1510; x_wconf 85' lang='lat' dir='ltr'>pastorales</span> <span class='ocrx_word' id='word_1_110' title='bbox 651 1467 805 1498; x_wconf 73' lang='lat' dir='ltr'>cambucae</span> <span class='ocrx_word' id='word_1_111' title='bbox 819 1467 968 1509; x_wconf 87' lang='lat' dir='ltr'>principis</span> <span class='ocrx_word' id='word_1_112' title='bbox 982 1466 1083 1497; x_wconf 83' lang='lat' dir='ltr'>hastas</span> 
     </span>
    </p>

    <p class='ocr_par' dir='ltr' id='par_1_12' title="bbox 411 1522 1166 1567">
     <span class='ocr_line' id='line_1_21' title="bbox 411 1522 1166 1567; baseline -0.001 -13"><span class='ocrx_word' id='word_1_113' title='bbox 411 1564 426 1567; x_wconf 64' lang='grc'><strong>-</strong></span> <span class='ocrx_word' id='word_1_114' title='bbox 459 1523 629 1565; x_wconf 75' lang='lat' dir='ltr'>Frangam,</span> <span class='ocrx_word' id='word_1_115' title='bbox 648 1522 839 1565; x_wconf 86' lang='lat' dir='ltr'>Lugdunum</span> <span class='ocrx_word' id='word_1_116' title='bbox 855 1534 933 1565; x_wconf 80' lang='lat' dir='ltr'>papa</span> <span class='ocrx_word' id='word_1_117' title='bbox 949 1522 1055 1553; x_wconf 82' lang='lat' dir='ltr'>venire</span> <span class='ocrx_word' id='word_1_118' title='bbox 1070 1530 1166 1564; x_wconf 79' lang='lat' dir='ltr'>parat.</span> 
     </span>
    </p>

    <p class='ocr_par' dir='ltr' id='par_1_13' title="bbox 418 1577 1120 1676">
     <span class='ocr_line' id='line_1_22' title="bbox 418 1577 1120 1620; baseline -0.001 -11"><span class='ocrx_word' id='word_1_119' title='bbox 418 1579 497 1609; x_wconf 83' lang='lat' dir='ltr'>Belli</span> <span class='ocrx_word' id='word_1_120' title='bbox 513 1590 601 1609; x_wconf 82' lang='lat' dir='ltr'>causa</span> <span class='ocrx_word' id='word_1_121' title='bbox 617 1578 687 1616; x_wconf 75' lang='lat' dir='ltr'>fuit,</span> <span class='ocrx_word' id='word_1_122' title='bbox 703 1579 775 1620; x_wconf 89' lang='lat' dir='ltr'>quia</span> <span class='ocrx_word' id='word_1_123' title='bbox 793 1578 891 1609; x_wconf 81' lang='lat' dir='ltr'>Caesar</span> <span class='ocrx_word' id='word_1_124' title='bbox 907 1577 1017 1618; x_wconf 86' lang='lat' dir='ltr'>praedia</span> <span class='ocrx_word' id='word_1_125' title='bbox 1033 1589 1120 1620; x_wconf 84' lang='lat' dir='ltr'>papae</span> 
     </span>
     <span class='ocr_line' id='line_1_23' title="bbox 458 1633 1119 1676; baseline 0 -12"><span class='ocrx_word' id='word_1_126' title='bbox 458 1633 559 1676; x_wconf 83' lang='lat' dir='ltr'>Cepit,</span> <span class='ocrx_word' id='word_1_127' title='bbox 576 1641 608 1664; x_wconf 80' lang='lat' dir='ltr'>et</span> <span class='ocrx_word' id='word_1_128' title='bbox 619 1633 753 1665; x_wconf 73' lang='lat' dir='ltr'>ecelesiae</span> <span class='ocrx_word' id='word_1_129' title='bbox 768 1633 890 1664; x_wconf 83' lang='lat' dir='ltr'>subdita</span> <span class='ocrx_word' id='word_1_130' title='bbox 906 1633 1004 1664; x_wconf 74' lang='lat' dir='ltr'>multa</span> <span class='ocrx_word' id='word_1_131' title='bbox 1019 1645 1119 1664; x_wconf 81' lang='lat' dir='ltr'>sacrae.</span> 
     </span>
    </p>

    <p class='ocr_par' dir='ltr' id='par_1_14' title="bbox 417 1688 1150 1788">
     <span class='ocr_line' id='line_1_24' title="bbox 417 1688 1131 1731; baseline 0 -12"><span class='ocrx_word' id='word_1_132' title='bbox 417 1689 506 1728; x_wconf 87' lang='lat' dir='ltr'>Quod</span> <span class='ocrx_word' id='word_1_133' title='bbox 520 1695 647 1727; x_wconf 76' lang='lat' dir='ltr'>tenuere</span> <span class='ocrx_word' id='word_1_134' title='bbox 657 1689 710 1719; x_wconf 89' lang='lat' dir='ltr'>diu</span> <span class='ocrx_word' id='word_1_135' title='bbox 726 1696 836 1731; x_wconf 83' lang='lat' dir='ltr'>patres,</span> <span class='ocrx_word' id='word_1_136' title='bbox 853 1688 892 1719; x_wconf 88' lang='lat' dir='ltr'>ad</span> <span class='ocrx_word' id='word_1_137' title='bbox 907 1688 983 1730; x_wconf 80' lang='lat' dir='ltr'>quid</span> <span class='ocrx_word' id='word_1_138' title='bbox 998 1689 1131 1720; x_wconf 88' lang='lat' dir='ltr'>retinere</span> 
     </span>
     <span class='ocr_line' id='line_1_25' title="bbox 457 1744 1150 1788; baseline 0 -12"><span class='ocrx_word' id='word_1_139' title='bbox 457 1746 537 1776; x_wconf 77' lang='lat' dir='ltr'>Vult-</span> <span class='ocrx_word' id='word_1_140' title='bbox 553 1744 671 1777; x_wconf 79' lang='lat' dir='ltr'>Caesar‘?</span> <span class='ocrx_word' id='word_1_141' title='bbox 686 1753 789 1776; x_wconf 74' lang='lat' dir='ltr'>teneat</span> <span class='ocrx_word' id='word_1_142' title='bbox 804 1745 887 1788; x_wconf 86' lang='lat' dir='ltr'>quod</span> <span class='ocrx_word' id='word_1_143' title='bbox 902 1745 1036 1776; x_wconf 83' lang='lat' dir='ltr'>tenuisse</span> <span class='ocrx_word' id='word_1_144' title='bbox 1052 1745 1150 1776; x_wconf 85' lang='lat' dir='ltr'>decet.</span> 
     </span>
    </p>

    <p class='ocr_par' dir='ltr' id='par_1_15' title="bbox 417 1801 1128 1900">
     <span class='ocr_line' id='line_1_26' title="bbox 417 1801 1128 1844; baseline -0.001 -11"><span class='ocrx_word' id='word_1_145' title='bbox 417 1802 451 1834; x_wconf 89' lang='lat' dir='ltr'>Si</span> <span class='ocrx_word' id='word_1_146' title='bbox 465 1814 521 1833; x_wconf 77' lang='lat' dir='ltr'>rex</span> <span class='ocrx_word' id='word_1_147' title='bbox 535 1801 692 1832; x_wconf 84' lang='lat' dir='ltr'>haereticos</span> <span class='ocrx_word' id='word_1_148' title='bbox 707 1801 831 1844; x_wconf 84' lang='lat' dir='ltr'>perimit</span> <span class='ocrx_word' id='word_1_149' title='bbox 846 1801 987 1844; x_wconf 71' lang='lat' dir='ltr'>civesque</span> <span class='ocrx_word' id='word_1_150' title='bbox 1001 1801 1128 1833; x_wconf 78' lang='lat' dir='ltr'>rebelles</span> 
     </span>
     <span class='ocr_line' id='line_1_27' title="bbox 460 1857 1075 1900; baseline 0 -12"><span class='ocrx_word' id='word_1_151' title='bbox 460 1857 564 1895; x_wconf 70' lang='lat' dir='ltr'>punit,</span> <span class='ocrx_word' id='word_1_152' title='bbox 581 1857 624 1888; x_wconf 88' lang='grc'>510</span> <span class='ocrx_word' id='word_1_153' title='bbox 638 1858 739 1900; x_wconf 83' lang='lat' dir='ltr'>legem</span> <span class='ocrx_word' id='word_1_154' title='bbox 751 1857 966 1900; x_wconf 79' lang='lat' dir='ltr'>justitiamque</span> <span class='ocrx_word' id='word_1_155' title='bbox 982 1864 1075 1888; x_wconf 84' lang='lat' dir='ltr'>tenet.</span> 
     </span>
    </p>

    <p class='ocr_par' dir='ltr' id='par_1_16' title="bbox 417 1913 1317 2010">
     <span class='ocr_line' id='line_1_28' title="bbox 417 1913 1317 1955; baseline 0.001 -12"><span class='ocrx_word' id='word_1_156' title='bbox 417 1913 565 1943; x_wconf 79' lang='lat' dir='ltr'>Panditur</span> <span class='ocrx_word' id='word_1_157' title='bbox 580 1924 621 1943; x_wconf 80' lang='lat' dir='ltr'>ex</span> <span class='ocrx_word' id='word_1_158' title='bbox 636 1913 793 1954; x_wconf 80' lang='lat' dir='ltr'>Aquilone</span> <span class='ocrx_word' id='word_1_159' title='bbox 809 1913 935 1949; x_wconf 73' lang='lat' dir='ltr'>malum,</span> <span class='ocrx_word' id='word_1_160' title='bbox 949 1913 1032 1955; x_wconf 89' lang='lat' dir='ltr'>quod</span> <span class='ocrx_word' id='word_1_161' title='bbox 1046 1913 1172 1944; x_wconf 84' lang='lat' dir='ltr'>Tartara</span> <span class='ocrx_word' id='word_1_162' title='bbox 1187 1913 1317 1944; x_wconf 82' lang='lat' dir='ltr'>mitt-unt</span> 
     </span>
     <span class='ocr_line' id='line_1_29' title="bbox 459 1968 1114 2010; baseline 0.002 -12"><span class='ocrx_word' id='word_1_163' title='bbox 459 1968 634 1998; x_wconf 76' lang='lat' dir='ltr'>Tartaream</span> <span class='ocrx_word' id='word_1_164' title='bbox 650 1974 787 2010; x_wconf 86' lang='lat' dir='ltr'>gentem,</span> <span class='ocrx_word' id='word_1_165' title='bbox 804 1979 874 1998; x_wconf 89' lang='grc'><strong>011111</strong></span> <span class='ocrx_word' id='word_1_166' title='bbox 890 1968 1009 1999; x_wconf 82' lang='lat' dir='ltr'>feritate</span> <span class='ocrx_word' id='word_1_167' title='bbox 1025 1980 1114 1999; x_wconf 85' lang='lat' dir='ltr'>nova.</span> 
     </span>
    </p>

    <p class='ocr_par' dir='ltr' id='par_1_17' title="bbox 417 2023 1179 2066">
     <span class='ocr_line' id='line_1_30' title="bbox 417 2023 1179 2066; baseline 0.003 -13"><span class='ocrx_word' id='word_1_168' title='bbox 417 2023 585 2054; x_wconf 85' lang='lat' dir='ltr'>Fortunam</span> <span class='ocrx_word' id='word_1_169' title='bbox 601 2030 710 2054; x_wconf 82' lang='lat' dir='ltr'>natura</span> <span class='ocrx_word' id='word_1_170' title='bbox 725 2023 824 2054; x_wconf 75' lang='lat' dir='ltr'>levem</span> <span class='ocrx_word' id='word_1_171' title='bbox 841 2023 923 2061; x_wconf 81' lang='lat' dir='ltr'>facit,</span> <span class='ocrx_word' id='word_1_172' title='bbox 940 2031 975 2054; x_wconf 91' lang='lat' dir='ltr'>ut</span> <span class='ocrx_word' id='word_1_173' title='bbox 990 2024 1099 2066; x_wconf 80' lang='lat' dir='ltr'>probat</span> <span class='ocrx_word' id='word_1_174' title='bbox 1113 2025 1179 2066; x_wconf 88' lang='lat' dir='ltr'>ejus</span> 
     </span>
    </p>

    <p class='ocr_par' dir='ltr' id='par_1_18' title="bbox 402 2078 1099 2121">
     <span class='ocr_line' id='line_1_31' title="bbox 402 2078 1099 2121; baseline 0 -11"><span class='ocrx_word' id='word_1_175' title='bbox 402 2115 421 2118; x_wconf 59' lang='lat'><em>-</em></span> <span class='ocrx_word' id='word_1_176' title='bbox 458 2078 576 2115; x_wconf 81' lang='lat' dir='ltr'>Orbita,</span> <span class='ocrx_word' id='word_1_177' title='bbox 592 2078 774 2121; x_wconf 83' lang='lat' dir='ltr'>prosperitas</span> <span class='ocrx_word' id='word_1_178' title='bbox 789 2079 902 2109; x_wconf 83' lang='lat' dir='ltr'>labitur</span> <span class='ocrx_word' id='word_1_179' title='bbox 914 2079 987 2110; x_wconf 91' lang='lat' dir='ltr'>orba</span> <span class='ocrx_word' id='word_1_180' title='bbox 1002 2079 1099 2110; x_wconf 84' lang='lat' dir='ltr'>bonis.</span> 
     </span>
    </p>

    <p class='ocr_par' dir='ltr' id='par_1_19' title="bbox 416 2133 1194 2232">
     <span class='ocr_line' id='line_1_32' title="bbox 416 2133 1194 2176; baseline 0.003 -12"><span class='ocrx_word' id='word_1_181' title='bbox 416 2134 477 2172; x_wconf 80' lang='lat' dir='ltr'>Qui</span> <span class='ocrx_word' id='word_1_182' title='bbox 487 2133 556 2164; x_wconf 85' lang='lat' dir='ltr'>risit</span> <span class='ocrx_word' id='word_1_183' title='bbox 570 2141 688 2171; x_wconf 83' lang='lat' dir='ltr'>moeret,</span> <span class='ocrx_word' id='word_1_184' title='bbox 705 2134 759 2176; x_wconf 91' lang='lat' dir='ltr'>qui</span> <span class='ocrx_word' id='word_1_185' title='bbox 775 2142 900 2164; x_wconf 65' lang='lat' dir='ltr'>moestus</span> <span class='ocrx_word' id='word_1_186' title='bbox 915 2140 980 2165; x_wconf 85' lang='lat' dir='ltr'>erat</span> <span class='ocrx_word' id='word_1_187' title='bbox 992 2135 1084 2165; x_wconf 89' lang='lat' dir='ltr'>modo</span> <span class='ocrx_word' id='word_1_188' title='bbox 1100 2135 1194 2172; x_wconf 82' lang='lat' dir='ltr'>ridet;</span> 
     </span>
     <span class='ocr_line' id='line_1_33' title="bbox 459 2188 1117 2232; baseline 0.005 -14"><span class='ocrx_word' id='word_1_189' title='bbox 459 2188 519 2227; x_wconf 84' lang='lat' dir='ltr'>Qui</span> <span class='ocrx_word' id='word_1_190' title='bbox 534 2188 637 2230; x_wconf 80' lang='lat' dir='ltr'>viguit</span> <span class='ocrx_word' id='word_1_191' title='bbox 651 2189 789 2231; x_wconf 84' lang='lat' dir='ltr'>languet,</span> <span class='ocrx_word' id='word_1_192' title='bbox 803 2190 856 2231; x_wconf 90' lang='lat' dir='ltr'>qui</span> <span class='ocrx_word' id='word_1_193' title='bbox 870 2189 928 2220; x_wconf 80' lang='lat' dir='ltr'>fuit</span> <span class='ocrx_word' id='word_1_194' title='bbox 943 2190 1022 2220; x_wconf 84' lang='lat' dir='ltr'>altus</span> <span class='ocrx_word' id='word_1_195' title='bbox 1038 2197 1117 2232; x_wconf 79' lang='lat' dir='ltr'>eget.</span> 
     </span>
    </p>

    <p class='ocr_par' dir='ltr' id='par_1_20' title="bbox 417 2243 1155 2342">
     <span class='ocr_line' id='line_1_34' title="bbox 417 2243 1120 2288; baseline 0.004 -15"><span class='ocrx_word' id='word_1_196' title='bbox 417 2244 500 2286; x_wconf 81' lang='lat' dir='ltr'>Ergo</span> <span class='ocrx_word' id='word_1_197' title='bbox 512 2243 641 2274; x_wconf 82' lang='lat' dir='ltr'>fortunae</span> <span class='ocrx_word' id='word_1_198' title='bbox 657 2243 775 2275; x_wconf 70' lang='lat' dir='ltr'>vicibus</span> <span class='ocrx_word' id='word_1_199' title='bbox 791 2244 945 2276; x_wconf 85' lang='lat' dir='ltr'>confidere</span> <span class='ocrx_word' id='word_1_200' title='bbox 960 2257 1120 2288; x_wconf 85' lang='lat' dir='ltr'>nunquam</span> 
     </span>
     <span class='ocr_line' id='line_1_35' title="bbox 461 2299 1155 2342; baseline 0.003 -12"><span class='ocrx_word' id='word_1_201' title='bbox 461 2299 635 2336; x_wconf 83' lang='lat' dir='ltr'>Praesumas‚</span> <span class='ocrx_word' id='word_1_202' title='bbox 652 2299 705 2330; x_wconf 90' lang='lat' dir='ltr'>sed</span> <span class='ocrx_word' id='word_1_203' title='bbox 719 2311 786 2330; x_wconf 84' lang='lat' dir='ltr'>eam</span> <span class='ocrx_word' id='word_1_204' title='bbox 802 2300 858 2331; x_wconf 89' lang='lat' dir='ltr'>sub</span> <span class='ocrx_word' id='word_1_205' title='bbox 873 2300 951 2342; x_wconf 85' lang='lat' dir='ltr'>pede</span> <span class='ocrx_word' id='word_1_206' title='bbox 966 2300 1053 2332; x_wconf 83' lang='lat' dir='ltr'>fortis</span> <span class='ocrx_word' id='word_1_207' title='bbox 1068 2301 1155 2332; x_wconf 85' lang='lat' dir='ltr'>habe.</span> 
     </span>
    </p>

    <p class='ocr_par' dir='ltr' id='par_1_21' title="bbox 898 2358 950 2385">
     <span class='ocr_line' id='line_1_36' title="bbox 898 2358 950 2385; baseline 0 0"><span class='ocrx_word' id='word_1_208' title='bbox 898 2365 916 2385; x_wconf 88' lang='lat' dir='ltr'>P</span> <span class='ocrx_word' id='word_1_209' title='bbox 931 2358 950 2385; x_wconf 76' lang='lat'><strong><em>2</em></strong></span> 
     </span>
    </p>
   </div>
   <div class='ocr_carea' id='block_1_3' title="bbox 1446 377 1515 411">
    <p class='ocr_par' dir='ltr' id='par_1_22' title="bbox 1446 377 1515 411">
     <span class='ocr_line' id='line_1_37' title="bbox 1446 377 1515 411; baseline 0.029 -2"><span class='ocrx_word' id='word_1_210' title='bbox 1446 377 1515 411; x_wconf 77' lang='lat'>107</span> 
     </span>
    </p>
   </div>
   <div class='ocr_carea' id='block_1_4' title="bbox 1533 906 1829 968">
    <p class='ocr_par' dir='ltr' id='par_1_23' title="bbox 1533 906 1829 968">
     <span class='ocr_line' id='line_1_38' title="bbox 1533 906 1829 935; baseline 0 -7"><span class='ocrx_word' id='word_1_211' title='bbox 1533 906 1550 933; x_wconf 71' lang='lat' dir='ltr'>‘J</span> <span class='ocrx_word' id='word_1_212' title='bbox 1564 907 1599 928; x_wconf 93' lang='lat' dir='ltr'>De</span> <span class='ocrx_word' id='word_1_213' title='bbox 1611 907 1672 928; x_wconf 79' lang='lat' dir='ltr'>bello</span> <span class='ocrx_word' id='word_1_214' title='bbox 1684 907 1829 935; x_wconf 80' lang='lat' dir='ltr'>imperatoris</span> 
     </span>
     <span class='ocr_line' id='line_1_39' title="bbox 1535 939 1829 968; baseline -0.003 -7"><span class='ocrx_word' id='word_1_215' title='bbox 1535 939 1633 961; x_wconf 80' lang='lat' dir='ltr'>Romani</span> <span class='ocrx_word' id='word_1_216' title='bbox 1644 944 1725 961; x_wconf 77' lang='lat' dir='ltr'>comm</span> <span class='ocrx_word' id='word_1_217' title='bbox 1737 946 1829 968; x_wconf 84' lang='lat' dir='ltr'>papam.</span> 
     </span>
    </p>
   </div>
   <div class='ocr_carea' id='block_1_5' title="bbox 1527 1912 1829 2038">
    <p class='ocr_par' dir='ltr' id='par_1_24' title="bbox 1527 1912 1829 2038">
     <span class='ocr_line' id='line_1_40' title="bbox 1527 1912 1820 1939; baseline 0.003 -4"><span class='ocrx_word' id='word_1_218' title='bbox 1527 1913 1543 1939; x_wconf 68' lang='grc' dir='ltr'>Ἦ</span> <span class='ocrx_word' id='word_1_219' title='bbox 1558 1912 1594 1935; x_wconf 90' lang='lat' dir='ltr'>De</span> <span class='ocrx_word' id='word_1_220' title='bbox 1605 1913 1695 1935; x_wconf 78' lang='lat' dir='ltr'>eaeteris</span> <span class='ocrx_word' id='word_1_221' title='bbox 1705 1913 1820 1936; x_wconf 84' lang='lat' dir='ltr'>haereticis</span> 
     </span>
     <span class='ocr_line' id='line_1_41' title="bbox 1528 1945 1794 1973; baseline 0.004 -6"><span class='ocrx_word' id='word_1_222' title='bbox 1528 1953 1587 1973; x_wconf 82' lang='lat' dir='ltr'>quos</span> <span class='ocrx_word' id='word_1_223' title='bbox 1599 1945 1677 1967; x_wconf 81' lang='lat' dir='ltr'>Gallia</span> <span class='ocrx_word' id='word_1_224' title='bbox 1686 1945 1794 1968; x_wconf 73' lang='lat' dir='ltr'>Tartarus</span> 
     </span>
     <span class='ocr_line' id='line_1_42' title="bbox 1528 1978 1829 2004; baseline 0.007 -5"><span class='ocrx_word' id='word_1_225' title='bbox 1528 1978 1594 2004; x_wconf 74' lang='lat' dir='ltr'>dicit,</span> <span class='ocrx_word' id='word_1_226' title='bbox 1607 1979 1650 2000; x_wconf 83' lang='lat' dir='ltr'>sub</span> <span class='ocrx_word' id='word_1_227' title='bbox 1661 1978 1776 2001; x_wconf 80' lang='lat' dir='ltr'>rethorica</span> <span class='ocrx_word' id='word_1_228' title='bbox 1788 1979 1829 2000; x_wconf 84' lang='lat' dir='ltr'>de-</span> 
     </span>
     <span class='ocr_line' id='line_1_43' title="bbox 1528 2010 1659 2038; baseline 0.008 -7"><span class='ocrx_word' id='word_1_229' title='bbox 1528 2010 1659 2038; x_wconf 72' lang='lat' dir='ltr'>scriptione.</span> 
     </span>
    </p>
   </div>
  </div>
 </body>
</html>
