2105 2871
510 404 561 429 DE
581 404 807 430 'rmUMPHrs
826 404 1024 430 ECCLESIAE
1043 403 1158 429 LIBRI
1177 403 1283 429 ooro.
1472 395 1520 428 49

412 486 492 518 Sunt
508 487 692 529 octingenti,
710 493 782 517 sunt
798 486 1004 528 quadraginta
1019 486 1109 528 ligati

285 546 297 568 G
309 552 319 565 τ
348 584 365 587 ρ
455 542 582 573 Octonis
597 542 686 573 annis
701 554 718 573 a
733 542 884 584 genitrice
901 541 972 579 Dei,

410 598 554 630 Neustria
570 598 744 630 succumbit
761 598 961 635 Normannis,
978 609 995 628 a
1011 597 1127 629 boreali

452 652 621 684 Advenere
637 653 694 684 feri
710 653 764 695 qui
780 652 909 695 regione
925 652 998 683 fera.

406 709 540 751 Magnus
557 708 738 740 Alexander
754 708 830 751 quid
846 707 960 739 habet‘.>
975 708 1051 750 quid
1068 707 1174 739 Julius
1190 707 1317 739 audax?

453 764 535 803 Quid
552 776 607 795 rex
624 764 774 795 Ricardus
790 764 881 795 corda
897 764 995 795 leonis
1010 763 1149 795 habens?

409 819 505 861 Cujus
521 827 585 851 erat
601 820 737 862 probitas
752 820 840 851 istius
856 832 945 851 causa
962 820 1086 857 doloris,

453 876 495 907 Et
510 887 631 907 causam
649 876 745 907 discat
761 877 875 908 discere
891 876 915 907 si
932 876 1000 918 quis
1017 882 1109 907 amat.

411 932 515 963 Gloria
529 933 696 975 praelustris
711 945 821 975 regum
837 940 995 975 terrorque
1013 932 1178 975 Philippus
1538 936 1558 962 Ἥ
1573 936 1609 972 De
1621 936 1809 972 peregrumtione⁴

456 989 597 1020 Libravit
612 989 684 1020 forti
703 989 820 1020 Gallica
835 996 953 1031 sceptra
970 1000 1074 1019 manu.
1538 968 1827 1028 iifiisrgihillltliiilziiaigjglit

1538 1033 1567 1055 de
1579 1034 1650 1062 gestis
1662 1041 1751 1059 eorum,
1764 1038 1786 1055 vt
1799 1034 1827 1055 de

424 1046 480 1076 ‘'tex
496 1043 743 1088 cruce-signatus
760 1044 851 1075 muni
861 1052 990 1087 tagente
1008 1044 1162 1086 Mycenas
1537 1066 1592 1095 igne
1604 1067 1690 1088 montis
1708 1066 1797 1088 AEthnae

454 1101 562 1139 Venit,
579 1101 632 1132 ubi
649 1100 782 1131 flammis
797 1107 904 1131 aestuat
920 1099 1041 1130 AEthna
1062 1099 1134 1136 suis⁷

412 1157 474 1188 Hic
490 1169 585 1200 prope
601 1156 783 1199 sulphureas
798 1156 991 1187 succendunt
1007 1154 1134 1186 flamina
1151 1166 1254 1192 venas,

455 1213 497 1244 Et
512 1212 615 1243 clauso
631 1224 737 1242 manes
753 1211 907 1242 Mulciber
922 1212 996 1253 igne
1012 1211 1127 1242 domat.

413 1269 482 1300 Olla
499 1268 728 1299 Theodoricum
747 1267 921 1299 Gothorum
938 1266 1057 1298 fervida
1072 1278 1177 1309 regem

454 1325 516 1356 Hic
532 1325 654 1356 cuidam
672 1331 777 1355 sancto
792 1324 858 1355 visa
873 1336 1009 1355 cremare
1026 1324 1096 1355 suit.

411 1381 539 1422 Bajulus
555 1387 686 1422 acceptae
701 1380 810 1418 crucis,
828 1386 1012 1422 expectante
1031 1379 1190 1422 Philippo,

455 1436 604 1468 Ricardus
620 1436 717 1474 venit,
734 1448 810 1478 quos
826 1436 869 1467 ibi
881 1435 992 1477 junxit
1006 1435 1126 1477 hyems.

412 1493 527 1524 Christi
542 1492 688 1523 millenus
704 1498 852 1522 centenus
864 1491 1012 1533 jungitur
1028 1503 1127 1522 annus

454 1549 534 1580 Cum
550 1559 725 1591 nonageno,
743 1559 797 1578 rex
813 1547 858 1578 ibi
874 1554 971 1578 castra
987 1547 1077 1578 locat.

412 1606 467 1636 Est
482 1612 623 1636 veterum
639 1615 748 1646 regum
766 1615 844 1634 crux
860 1603 1046 1646 exemplaris
1062 1603 1178 1645 imago⁷

273 1661 286 1686 5
371 1704 376 1705 ⁷
455 1661 501 1692 Ut
516 1661 647 1692 tendant
662 1660 715 1691 alii
730 1672 785 1702 per
799 1660 963 1702 probitatis
978 1659 1047 1690 iter.

412 1717 507 1749 Urbis
523 1716 691 1748 Ricardum
707 1727 777 1758 pars
791 1715 856 1746 haec
872 1722 967 1752 tenet,
985 1715 1038 1746 illa
1056 1715 1250 1757 Philippum,

454 1773 538 1804 Dum
554 1772 679 1804 faveant
694 1771 755 1802 illis
770 1778 910 1814 tempora
922 1782 1017 1802 verna
1033 1770 1135 1802 maris.

410 1830 522 1861 Inclita
540 1828 706 1860 Ricardum
724 1827 912 1870 praelustrem
930 1827 1010 1857 fama
1026 1832 1186 1868 perennat,

453 1886 551 1927 Cujus
566 1897 630 1916 non
646 1885 761 1927 poterit
777 1884 876 1926 gloria
892 1884 986 1926 longa
1002 1883 1091 1913 niori.

412 1942 473 1973 Sed
489 1954 543 1985 per
559 1953 629 1972 eum
645 1947 815 1971 monstrare
830 1940 917 1977 libet,
934 1939 1130 1981 reliquosque
1146 1945 1297 1981 potentes,

455 1998 544 2038 Quod
560 2004 706 2040 tanquam
723 2007 869 2038 sompnus
885 2001 929 2026 est
945 2006 998 2025 sua
1014 1994 1079 2024 vita
1094 1994 1206 2025 brevis.

412 2054 515 2095 Hujus
530 2053 632 2096 palma
647 2052 707 2083 fuit
726 2052 858 2088 Siculus,
877 2051 998 2093 Cyprus
1014 2050 1120 2087 altera,
1138 2049 1248 2080 dromo

454 2110 571 2147 Tertia,
585 2120 716 2140 carvana
732 2115 851 2150 quarta,
869 2118 1060 2149 sequensque
1077 2106 1168 2148 Jope.

413 2166 537 2198 Occisus
556 2165 688 2203 Siculus,
706 2165 826 2207 Cyprus
842 2162 1049 2206 pessumdata,
1065 2161 1174 2192 dromo

454 2222 581 2259 Mersus,
598 2233 730 2252 carvana
746 2226 845 2263 capta,
863 2225 982 2250 retenta
999 2218 1021 2249 J
1024 2230 1091 2260 opo.

412 2278 496 2309 Huic
515 2277 612 2309 Siculi
628 2277 745 2308 victum
762 2283 899 2313 vetuere,
917 2275 970 2306 scd
986 2274 1038 2305 ille
1055 2286 1109 2317 per
1125 2286 1211 2304 arma

457 2334 599 2377 Signatas
615 2333 694 2364 acies
711 2332 783 2364 fecit
798 2332 911 2363 habere
928 2331 1021 2362 cibos.

911 2397 933 2418 Η
