2105 2871
581 395 652 429 112
917 405 1114 430 ,IOHANNIS
1133 404 1184 429 DE
1204 404 1437 429 GARLANDIA

673 486 746 517 Haee
762 487 901 529 paeiente
918 487 984 518 Deo
1000 487 1117 529 pridem
1134 492 1251 529 patrata
1268 486 1361 524 fuere,

716 543 781 573 Hos
796 550 953 585 nequeunt
970 543 1063 573 timeo
1075 543 1188 585 pellere
1204 549 1310 581 eastra,
1328 555 1406 574 serae.

674 597 748 636 Quis
763 597 828 628 (lux
844 604 889 628 051
904 604 992 628 autor
1007 598 1165 635 scelerum,
1184 598 1338 640 factorque
1354 598 1502 629 malorum

718 654 758 685 Et
774 654 875 696 gentis
886 654 997 691 fautor,
1015 666 1107 696 quam
1124 654 1213 685 1111101
1229 667 1318 686 omne
1332 654 1453 686 forum?

267 707 283 743 ll
297 707 397 743 Cumani
410 707 461 728 falsi
471 707 542 744 this*
675 710 741 741 [stis
757 710 890 741 Cumani
906 710 1019 740 servire
1036 710 1109 740 mali
1122 710 1305 746 didicerunt,

266 742 323 760 tiam
336 742 403 761 erant
414 740 544 768 prod1t0res

266 772 325 800 regis
338 771 476 800 Hungariae.
715 765 775 804 Qui
790 765 890 801 vacui,
909 765 991 802 vani,
1010 765 1083 795 falsa
1099 765 1243 806 dolosque
1260 765 1369 796 ferimt.

672 821 726 852 Hii
741 828 813 852 sunt
828 821 1006 852 christicola}
1023 820 1098 858 falsi,
1115 820 1179 851 51110
1195 820 1262 861 lege
1279 821 1386 858 severi,

715 877 780 908 Hac
797 877 834 908 de
854 877 957 907 fraude
974 876 1083 907 seholae
1099 888 1282 918 proposuere
1299 877 1395 918 queri.

672 933 746 963 Exit
763 933 862 963 feralis
877 933 1014 974 pollutus
1029 932 1182 963 anhelitus
1199 932 1268 969 oris,

714 988 767 1018 Est
783 988 865 1018 intus
881 988 949 1018 talis
965 987 1088 1030 spiritus
1104 994 1194 1029 atque
1211 987 1292 1017 foris.

668 1043 734 1074 Aer
749 1043 907 1085 polluitur,
924 1049 1026 1085 stupet
1041 1043 1114 1073 111110
1130 1043 1230 1080 tellus,
1247 1054 1325 1085 aqua
1340 1043 1434 1080 100101,

714 1100 782 1131 Hoc.
798 1100 847 1130 cui
864 1100 1005 1137 sentitur,
1022 1099 1121 1130 tristia
1138 1099 1198 1129 fata
1214 1105 1320 1129 meret.

672 1155 828 1198 Sanguine
844 1155 969 1198 punieio
985 1155 1074 1186 rubet
1090 1154 1205 1196 Hyster
1223 1155 1248 1184 T
1250 1160 1447 1191 artareorum,

711 1211 793 1242 Dum
811 1211 894 1242 furor
909 1211 1032 1241 illorum
1049 1210 1134 1241 saevit
1150 1216 1184 1240 ut
1199 1208 1307 1251 hydra,
1325 1209 1382 1239 leo.

669 1267 776 1298 Obstat
791 1267 834 1298 eis
851 1267 965 1304 Renus,
982 1273 1013 1297 01
1028 1278 1133 1297 eorum
1150 1266 1228 1297 bella
1244 1265 1375 1307 repellit,

711 1322 778 1353 Hoe
795 1322 957 1353 hominum
975 1322 1063 1352 vellit
1079 1322 1124 1352 vis
1140 1328 1203 1359 tua,
1221 1321 1352 1358 Christe,
1370 1332 1475 1363 genus.

668 1378 754 1408 Crux
769 1377 948 1408 adversatur
963 1377 1024 1408 illis
1042 1377 1217 1419 Christique
1233 1384 1374 1419 potestas,

715 1434 811 1474 Cujus
826 1435 968 1474 majestas
984 1434 1145 1476 imperiosa
1164 1434 1262 1464 datur.

668 1489 816 1527 Tartarei,
832 1490 894 1521 fera
910 1502 995 1532 gens,
1013 1489 1211 1520 committunt
1228 1489 1323 1531 impia
1343 1489 1417 1520 coelo

712 1546 829 1584 Praelia,
845 1546 1007 1588 perdentes
1023 1558 1089 1587 quae
1105 1545 1185 1576 bona
1200 1545 1384 1587 percipiunt.

670 1601 849 1643 Percipiunt
865 1602 944 1632 bona
960 1613 1026 1643 quae
1042 1600 1212 1643 110111οΠ105,
1229 1601 1331 1642 praelia
1347 1601 1422 1631 coelo

714 1657 813 1699 Impia
829 1657 1029 1688 committunt
1044 1668 1120 1699 gens
1136 1657 1197 1687 fera
1215 1656 1361 1686 Tartarei.

671 1713 853 1744 Consimiles
868 1725 949 1744 sacra
967 1713 1043 1743 dant
1059 1712 1176 1744 Judaeis
1191 1711 1312 1742 sordida
1329 1711 1411 1749 divo,

712 1770 838 1800 Viscera
854 1770 1008 1812 ponendo,
1026 1768 1230 1800 mundificant
1245 1767 1324 1798 male
1340 1778 1384 1804 se;

671 1825 709 1856 Se
725 1825 804 1856 male
819 1825 1033 1863 mundificant,
1050 1825 1193 1867 ponendo
1209 1824 1324 1854 viscera
1345 1822 1416 1853 divo

715 1881 854 1919 Sordida,
873 1881 983 1912 Judeis
999 1881 1074 1912 dant
1090 1892 1172 1912 saera
1188 1878 1370 1910 consimiles.

671 1936 753 1966 Dum
770 1937 949 1968 circumcisa
965 1949 1020 1979 pro
1037 1937 1116 1979 pelle
1134 1942 1291 1966 merentur
1309 1933 1426 1976 Apellae

716 1992 848 2029 Nomen,
865 2004 1036 2035 cognomen
1052 1992 1111 2023 hoe
1126 1991 1209 2022 valet
1225 2002 1287 2021 esse
1303 2001 1402 2020 suum.

674 2047 729 2077 Hae
744 2053 852 2089 gentes
867 2048 983 2079 iniserae
998 2054 1128 2078 mortem
1144 2046 1253 2076 misere
1268 2057 1322 2087 per
1339 2045 1453 2081 orbem,

715 2102 892 2133 Destructas
908 2103 989 2145 leges
1005 2114 1059 2145 per
1074 2102 1154 2133 mala
1169 2108 1280 2133 cuneta
1295 2101 1387 2143 leges.

673 2157 755 2196 Quid
770 2158 898 2189 referam
914 2159 1037 2200 plausus
1053 2169 1128 2200 quos
1144 2156 1259 2200 perfida
1275 2156 1328 2187 dat
1343 2155 1520 2198 synagoga?

715 2213 835 2244 Nuneia
851 2214 925 2255 quid
941 2225 1090 2255 promam,
1106 2212 1327 2255 perfidiamque
1343 2212 1449 2242 suam?

671 2267 800 2298 Munera
815 2274 959 2310 praetereo
975 2280 1041 2310 quae
1056 2268 1154 2299 mittit
1169 2267 1247 2298 clam
1263 2267 1313 2297 vel
1329 2273 1441 2308 aperte,

712 2323 796 2354 Dum
812 2324 868 2355 sibi
886 2324 1027 2355 Messiam
1045 2323 1142 2354 eredit
1158 2323 1269 2354 habere
1285 2334 1385 2353 suum.
