2105 2871
507 401 558 425 DE
577 401 802 426 TRIUMPHIS
821 401 1018 426 ECCLESIAE
1037 401 1152 426 LIBRI
1171 402 1253 427 SEX.

398 482 569 513 Carmentis
583 483 704 514 notulas
722 483 873 514 Gedeonis
888 489 1025 525 tempore
1041 489 1157 514 nostras

442 539 565 569 Invenit
581 538 692 569 mulier
710 539 811 570 Graeca
827 539 929 570 fumun
945 551 1064 570 canens.

399 594 495 625 Filius
510 594 593 625 illius
610 594 754 625 Evander
770 601 850 626 tecta
865 595 995 637 paravit,

440 650 508 681 Illic
522 662 616 692 parva
631 651 715 692 prius
731 657 775 682 est
790 651 844 682 ubi
861 651 959 682 Roma
975 651 1074 681 modo.

397 706 488 747 Troja
504 706 658 737 destructa
672 713 747 738 tune
762 707 919 750 temporis,
935 719 1055 750 aequore
1071 713 1176 738 vectus

439 763 554 793 AEneas
572 763 696 794 Latium
711 763 849 794 subdidit
864 774 934 794 ense
950 763 1017 794 sibi.

396 818 527 860 Expulit
542 830 559 849 a
577 818 667 850 Creta
686 818 852 849 Saturnum
870 818 950 849 filius
966 819 1068 856 armis,

439 874 500 905 Hic
516 874 570 905 ubi
586 873 711 905 delituit
727 880 771 904 est
789 873 908 904 Latiale
923 874 1032 904 solum.

396 929 477 961 Urbs
494 930 687 961 Pallanteum
704 935 790 960 sonat
805 941 822 959 a
840 928 978 960 Pallante
993 936 1119 971 parente

437 985 586 1023 Evandri,
605 985 734 1016 Romam
753 984 904 1015 Romulus
919 984 991 1015 inde
1006 985 1095 1022 tulit-3

394 1041 509 1072 Fratris
525 1041 605 1072 caede
620 1052 743 1078 nocens,
760 1040 811 1070 hic
827 1051 945 1082 semper
961 1040 1041 1070 vixit
1057 1041 1089 1070 in
1106 1041 1208 1078 armis,

438 1097 537 1135 Quem
552 1096 677 1127 tandem
694 1096 775 1126 cives
791 1107 938 1127 enecuere
953 1096 1011 1127 sui.

396 1153 582 1194 Exemplum
599 1152 718 1183 sceleris
735 1151 880 1182 Julianus
896 1157 1033 1193 apostata
1049 1163 1125 1194 saepe

438 1208 576 1244 Ponitur,
593 1214 720 1238 exuerat
735 1207 788 1249 qui
804 1206 984 1237 monachale
1001 1206 1106 1244 deeus;

394 1264 477 1294 Huic
492 1263 643 1294 monacho
659 1263 769 1294 mulier
785 1269 861 1293 testa
876 1262 1069 1293 commiserat
1083 1275 1203 1301 aurum,

438 1319 498 1350 Sed
513 1319 592 1350 texit
607 1330 726 1361 sparsus
742 1318 901 1360 splendida
918 1318 1013 1349 frusta
1029 1319 1114 1350 einis.

392 1376 562 1416 Asportans
577 1386 685 1405 aurum
701 1374 869 1405 monachus
885 1386 938 1405 sua
953 1375 1083 1406 claustra
1099 1376 1235 1418 reliquit,

436 1431 476 1462 Et
492 1430 597 1461 consul
616 1431 719 1461 Romae
734 1443 861 1462 munere
877 1431 974 1462 factus
990 1438 1064 1462 erat.

392 1486 525 1528 Imperio
541 1485 664 1516 functus
680 1486 805 1517 tandem
821 1487 917 1517 scelus
934 1498 1024 1517 omne
1040 1487 1171 1529 peregit,

433 1542 528 1582 Cujus
544 1541 576 1571 in
593 1541 725 1572 exitium
740 1548 806 1573 tota
824 1542 971 1574 Gehenna
987 1543 1057 1574 coit.

899 2377 952 2404 112

1455 395 1501 428 19
