2105 2871
275 785 288 809 ω

293 793 306 807 o

545 418 598 443 DE
617 417 842 443 TRIUMPHIS
860 416 1059 441 ECCLESIAE
1078 416 1192 441 LIBRI
1211 417 1294 442 SEX.

413 501 552 532 Fletibus
568 508 599 531 et
613 501 708 531 trenis
724 506 842 530 nostros
858 499 996 530 deterreo
1012 510 1110 540 reges,

456 556 501 588 Ut
516 562 638 587 mutent
653 556 771 587 animos
786 555 1001 597 accipiantque
1017 567 1150 585 crucem.

413 613 510 643 Causa
524 612 608 655 prior
623 612 758 654 gemitus
774 618 818 642 est
833 611 936 642 fractae
950 611 1034 642 laesio
1049 611 1142 653 pacis,

455 667 553 699 Causa
568 679 695 709 sequens
712 667 853 708 Babylon
869 667 1109 709 haereticumque
1124 667 1217 698 nefas.

413 724 472 755 Pro
488 723 586 766 patria
601 734 741 765 pugnare
757 723 840 760 lieet,
857 722 909 753 sed
924 734 1049 765 parcere
1067 723 1189 754 Parthis

455 779 633 810 Cernuntur
647 789 733 820 reges
750 778 824 808 dum
841 790 895 809 sua
911 778 991 809 bella
1006 786 1129 821 gerunt.

413 835 439 866 O
456 835 560 866 dolor!
579 834 605 866 O
621 834 739 866 luctus!
755 834 816 865 hiis
832 834 1007 876 planctibus
1023 835 1102 866 addo
1119 835 1237 865 labores

456 891 600 922 Pictaviae
615 891 751 933 probitas
767 891 854 932 cujus
870 891 909 921 ad
924 903 1009 921 arma
1024 891 1119 933 viget.

413 949 555 980 Occurrit
572 948 698 980 Francis
713 959 814 979 comes
829 947 942 985 audam,
959 959 1043 978 arma
1059 946 1193 978 retardat

456 1004 572 1041 Armis,
590 1004 719 1046 opponit
734 1004 878 1045 confraga
895 1003 987 1034 densa
1003 1003 1070 1034 viis.

414 1061 487 1099 Quae
502 1067 587 1091 tenet
602 1060 635 1090 in
652 1059 756 1090 castris
771 1059 900 1090 confidit
917 1059 1017 1095 fortia,
1035 1070 1166 1100 quorum

457 1115 565 1146 Unum
582 1115 754 1146 Cmssanna
769 1116 895 1146 nomine
911 1127 987 1157 rupe
1002 1115 1094 1146 sedet.

414 1172 552 1214 Agmina
569 1171 741 1203 Crussanna
756 1171 870 1202 multos
886 1171 1036 1202 cruciabit
1052 1171 1083 1201 in
1100 1182 1206 1207 annos,

459 1227 491 1258 Si
507 1226 647 1257 defensor
662 1239 752 1269 opem
768 1227 887 1258 clausus
903 1227 1029 1258 habebit
1045 1238 1149 1269 opum.

414 1283 513 1314 Vallis
528 1283 561 1313 in
577 1282 731 1314 amfractis
746 1283 857 1320 tendit,
874 1283 925 1313 sed
942 1282 1034 1313 turris
1049 1282 1082 1312 in
1098 1288 1177 1312 astra

458 1339 504 1369 De
519 1345 608 1381 styge
624 1338 755 1369 terribili
771 1350 862 1380 quam
879 1338 968 1380 nigra
984 1337 1083 1379 cingit
1099 1348 1186 1378 aqua..

415 1395 541 1426 Patrum
556 1406 669 1437 magna
686 1406 795 1436 gerens
813 1394 908 1436 Hugo
926 1394 1050 1424 Brunus
1066 1393 1202 1430 nomina,
1219 1399 1319 1434 patres

458 1450 625 1493 Exprimit,
642 1451 675 1482 in
691 1449 784 1480 simili
800 1449 885 1492 prole
901 1448 1041 1491 patrissat
1056 1447 1164 1478 honor.

416 1506 566 1536 Provocat
581 1506 620 1536 ad
635 1505 751 1536 bellum
768 1512 915 1546 cognatos
930 1503 1069 1534 marchio
1084 1514 1182 1545 reges,

459 1562 596 1601 Quorum
612 1561 702 1604 stirps
718 1561 828 1592 mundi
844 1561 967 1591 climata
983 1566 1080 1591 marte
1097 1546 1210 1591 domat.

414 1618 540 1648 Francis
555 1617 685 1660 opponit
700 1617 834 1659 clypeos,
851 1617 903 1648 sed
919 1616 1020 1647 dicere
1035 1622 1128 1647 restat

458 1674 524 1713 Qua
540 1673 597 1704 sibi
612 1685 686 1716 pace
701 1673 778 1715 liget
794 1685 849 1703 rex
868 1673 1046 1703 Ludovicus
1061 1684 1143 1703 eum.

414 1731 499 1761 Ante
514 1736 618 1760 tamen
634 1729 735 1760 dicam
751 1729 849 1760 crucis
865 1729 1071 1759 instrumenta
1086 1728 1181 1758 beatae

456 1786 589 1817 Parisius
604 1786 703 1828 posita
718 1785 935 1827 relliquiasque
952 1796 1058 1815 sacras.

415 1842 482 1873 Ha!
505 1841 606 1873 brevis
621 1841 677 1872 iste
693 1840 790 1878 stilus,
806 1852 869 1871 non
885 1851 993 1882 regum
1010 1839 1123 1870 sufficit-
1138 1839 1207 1870 altis

459 1898 626 1934 Laudibus,
643 1897 675 1927 in
692 1896 796 1927 laudes
810 1895 922 1926 nititur
938 1895 990 1926 ille
1005 1902 1125 1931 tamem

415 1954 495 1985 Nam
511 1965 620 1995 regum
636 1952 742 1983 titulos
757 1952 917 1982 amborum
933 1958 1078 1993 gestaque
1094 1950 1174 1981 clara

458 2010 608 2052 Experiar
622 2008 743 2052 generis
758 2008 917 2038 enucleare
932 2007 988 2038 sui.

415 2066 568 2097 Nobilitas
583 2064 696 2096 servire
712 2064 778 2095 Deo
793 2063 935 2105 praeclara
950 2068 1084 2099 tenetur,

460 2123 510 2154 Sic
525 2122 595 2164 quia
610 2120 743 2152 nobilior
758 2120 869 2150 nobilis
885 2118 984 2149 omnis
1000 2118 1066 2149 erit.

416 2179 507 2218 Quod
522 2179 656 2209 Francos
671 2177 763 2208 fortes
779 2176 879 2212 faeiat,
896 2180 980 2217 patet
996 2173 1104 2204 ordine
1119 2185 1232 2210 rerum,

459 2234 604 2276 Relligio,
621 2233 695 2264 belli
710 2232 819 2275 gratia,
836 2231 923 2262 firma
939 2230 1028 2267 fides3

416 2290 537 2333 Anglos
551 2289 673 2332 argenti
687 2289 826 2320 defendit
841 2287 938 2330 copia,
955 2285 1056 2328 gentis

460 2346 637 2389 Ingenium,
654 2345 727 2376 cleri
742 2344 850 2388 gloria,
866 2343 943 2386 legis
958 2353 1054 2372 amor.
