2105 2871
542 416 594 440 DE
614 415 840 440 TRIUMPHIS
858 414 1056 440 ECOLESIAE
1076 414 1190 439 LIBRI
1209 415 1292 440 SEX.

462 522 468 529 .
497 523 504 530 .
527 505 632 529 tamon
650 497 741 528 laude
757 497 850 527 miser
866 497 1008 527 mittetur
1024 497 1056 527 in
1073 497 1179 539 ignem

539 578 546 585 .
568 565 623 584 um
639 565 748 596 regum
765 553 867 590 stabit,
884 552 1045 594 honorque
1061 564 1142 584 suus.

462 633 469 640 .
495 635 500 640 .
524 609 592 652 ulgi
608 621 706 640 unum
722 615 897 651 pervertere
915 616 1045 646 rectum,

475 689 481 696 .
508 690 513 695 .
537 665 650 696 eternis
666 665 767 695 dicere
783 676 877 695 curva
893 664 988 706 sequi.

463 745 470 752 .
497 746 502 751 .
526 720 610 751 idam
626 727 735 751 natum
752 726 929 763 grassantur
945 731 1048 750 amaro

445 800 580 808 .....
605 776 638 807 111
653 788 758 807 morsu
774 775 941 806 dilacerare
957 775 1093 806 student.

464 858 469 862 .
493 844 510 863 a
526 832 679 863 laudanda
696 832 824 862 trahunt
840 832 1031 872 formosaque
1048 830 1206 869 damnant,

538 912 545 919 .
569 894 659 918 utant
674 887 935 930 approln-iantque
951 887 1019 917 sibi.

429 969 436 976 .
461 968 468 974 .
494 968 501 975 .
525 944 578 986 qui
595 943 729 974 manicas
745 943 802 973 sibi
819 943 965 974 scindunt
981 955 1021 974 ex
1037 942 1156 980 alienis,

537 1023 544 1030 .
569 990 658 1041 tergo
674 999 757 1041 quod
774 998 833 1029 suit
849 1005 919 1029 ante
936 1010 1037 1029 suum.

396 1080 403 1086 .
429 1080 435 1086 .
461 1080 468 1086 .
493 1080 500 1087 .
526 1068 542 1086 a
559 1055 583 1086 si
600 1067 726 1092 renovo,
743 1055 793 1085 vel
810 1054 835 1085 si
851 1066 931 1085 nova
947 1054 1078 1085 seribere
1094 1059 1224 1095 tempto,

236 1111 283 1133 '70
441 1135 448 1142 .
473 1135 481 1142 .
506 1135 513 1142 .
539 1136 545 1141 .
569 1122 680 1152 amque
697 1122 766 1141 meo
782 1110 918 1141 carmina
935 1109 1033 1140 scribo
1050 1109 1128 1140 stilo!

373 1166 392 1171 ἶ
493 1192 499 1198 .
525 1179 593 1198 mea
609 1179 695 1197 musa
710 1166 819 1209 gemit,
837 1166 1018 1209 gemituque
1034 1165 1175 1207 depresso

504 1247 510 1253 .
536 1229 576 1260 at,
595 1223 758 1253 clamorem
777 1228 929 1264 temperat
944 1233 1024 1263 segra
1041 1233 1144 1252 suum.

398 1279 507 1310 <Iustus
523 1285 553 1309 et
569 1278 702 1319 injustus
718 1278 852 1308 elamore
868 1277 1009 1307 locantur
1025 1277 1057 1307 in
1074 1276 1143 1313 isto,

441 1334 487 1366 Ut
502 1334 603 1376 primo
619 1333 765 1364 meritum
782 1333 881 1364 noscit
896 1339 1025 1374 uterque
1042 1343 1141 1363 suum.

398 1503 489 1572 ME
505 1500 579 1531 50011
595 1499 742 1542 rogitant,
759 1499 831 1540 quia
847 1510 893 1529 res
909 1498 1016 1540 ignota
1032 1498 1173 1535 refertur,

484 1555 574 1594 Quod
590 1555 691 1597 caligo
707 1554 751 1585 rei
768 1554 952 1585 clarificetur
967 1553 1024 1591 eis;

400 1612 549 1654 Prologus
565 1619 636 1643 ante
654 1611 751 1649 venit,
769 1611 908 1653 sequitur
923 1610 1082 1641 distinctio
1099 1616 1192 1648 certa,

442 1668 521 1700 Cum
538 1668 639 1699 titulis
655 1667 755 1710 operis
771 1666 1032 1709 paragraphisque
1049 1666 1120 1698 suis.

399 1723 541 1756 Clarifieo
557 1723 683 1755 metrice
700 1723 842 1766 capitalia
858 1722 1006 1760 membra,
1023 1722 1185 1753 biformem

247 1783 258 1803 5
270 1792 276 1805 ’ἰ
442 1780 557 1812 Reddit
573 1780 655 1810 enim
673 1779 781 1810 faeiem
799 1779 919 1809 dissona
935 1790 1023 1820 prosa
1040 1784 1147 1808 metro.

400 1835 536 1867 Effundo
552 1835 661 1866 fletum
678 1847 749 1866 011111
766 1833 923 1871 flentibus,
940 1840 975 1864 ut
991 1840 1095 1864 tamen
1111 1833 1192 1875 ipsos

442 1893 473 1923 A
488 1891 566 1923 fletu
581 1891 734 1922 retraham
752 1890 926 1932 laetitiaeque
944 1889 1074 1921 traham.

401 1948 545 1979 Pluribus
561 1947 712 1989 exemplis
728 1947 843 1977 bellum
860 1945 1007 1976 dissuasio
1023 1945 1161 1982 damnat,

444 2003 491 2035 Sit
506 2003 566 2034 nisi
581 2003 770 2045 legitimum,
783 2002 854 2043 jura
870 2001 1025 2042 fidemque
1041 2012 1178 2042 sequens.

314 2064 341 2092 1.
359 2061 382 2093 ἿῘ
400 2060 539 2092 Vulnera
554 2066 671 2090 naturae
686 2058 787 2101 primo
804 2064 875 2088 511111
892 2057 973 2087 (licta
989 2056 1105 2093 libello,

442 2115 541 2158 Impia
557 2114 647 2152 fraus,
666 2114 786 2145 haeresis
803 2113 892 2150 foeda,
910 2112 1023 2154 cupido
1039 2111 1152 2153 gravis.

312 2175 340 2203 2.
357 2172 380 2205 {l
397 2171 544 2203 Vietriois
557 2171 673 2201 vexilla
690 2169 789 2201 erucis
805 2169 842 2200 de
859 2180 943 2199 more
959 2180 1013 2210 per
1028 2167 1131 2198 hostes

443 2226 620 2264 Prosilieut3
644 2225 760 2256 victrix
775 2225 839 2256 brec
855 2224 924 2261 fuit,
942 2230 997 2261 est,
1015 2230 1046 2254 et
1061 2223 1128 2254 erit.

401 2282 563 2313 Intitulata
578 2288 686 2324 patent
701 2281 822 2324 papalia
834 2280 915 2321 jura,
933 2279 1061 2310 rebelles

258 2351 285 2374 q,
444 2337 556 2368 Hostes
571 2336 705 2368 ecelesiae
720 2335 915 2367 succubuisse
931 2335 1047 2365 dolent.

887 2401 904 2421 B
921 2394 938 2421 2

1487 408 1509 441 3

1527 1502 1543 1530 ss
1563 1503 1668 1531 Explicit
1680 1503 1798 1532 prologus,

1527 1538 1549 1556 et
1561 1538 1694 1563 sequuntur
1705 1536 1809 1565 capitula

1527 1567 1580 1589 libri
1593 1568 1736 1597 principalis,
