2105 2871
568 421 614 456 71
896 427 1094 453 ‚IOHANNIS
1112 427 1164 451 DE
1185 425 1419 451 GARLANDIA

653 509 798 541 Haeretici
814 510 929 541 elerum
945 509 1098 546 derident,
1111 509 1183 550 jura
1198 509 1337 550 relegant

697 565 848 603 Ecclesiae,
865 571 1012 608 spernunt
1027 576 1120 602 saera,
1137 564 1296 606 prophana
1312 564 1428 594 colunt.

656 622 737 660 Quos
752 621 877 663 capiunt
891 621 1048 657 mutilant,
1065 626 1229 657 excaecant,
1247 620 1324 650 clam
1340 619 1391 650 vel
1406 626 1508 661 aperte

698 676 860 714 Occidunt,
877 682 907 706 et
922 676 955 706 in
970 676 1029 706 hoe
1045 687 1074 706 50
1091 675 1235 705 meruisse
1251 681 1371 716 putant.

657 733 781 764 Sanetos
796 730 990 773 praetendunt
1005 730 1122 772 aliquos
1138 730 1220 767 foris,
1238 730 1321 760 intus
1336 729 1474 760 abundat

699 788 816 825 Limus,
833 793 863 818 et
878 787 912 817 in
926 786 1001 816 limo
1017 786 1148 828 pectoris
1162 786 1261 827 hydra
1276 786 1359 816 latet.

658 843 713 875 Vis
729 842 836 873 unimae
852 841 947 879 cordi,
964 853 1015 872 eor
1030 841 1153 881 linguae,
1170 841 1339 883 linguaque
1354 841 1448 871 servit

700 899 822 935 Palmae,
838 897 940 939 palma
957 896 1037 934 facit,
1055 896 1147 927 factio
1163 902 1272 926 cuneta
1288 896 1404 938 probat.

660 954 692 985 Si
707 954 787 984 bona
802 953 900 983 multa
915 952 1033 994 loquor,
1050 958 1080 982 et
1095 951 1202 982 multis
1218 951 1307 982 devio
1324 951 1421 987 factis,

702 1009 784 1047 Quid
799 1006 941 1050 prodest?
956 1007 1115 1037 hominem
1132 1007 1237 1038 nobile
1253 1007 1350 1037 salvat
1366 1018 1451 1048 opus.

254 1076 273 1101 ‘J
290 1076 324 1097 131-
334 1074 524 1104 prm-licaturihm
536 1075 556 1093 ct
658 1064 802 1095 Flandria
821 1074 912 1105 quem
928 1062 1039 1104 genuit
1054 1069 1138 1093 vates
1154 1062 1306 1093 studiosus
1323 1062 1443 1092 Alanus

255 1115 333 1129 eorum
346 1105 534 1136 persuasionibus
828 1119 833 1124 .
962 1119 968 1124 .
1167 1118 1172 1124 .
1198 1130 1202 1132 -
1305 1118 1311 1123 .

256 1144 336 1162 mum,
346 1139 474 1161 lum-etim.
701 1119 851 1151 Contudit
865 1118 1034 1156 haeretleos,
1051 1118 1250 1160 edomuitque
1266 1130 1360 1160 prius.

660 1175 795 1218 Virgilio
810 1175 917 1215 major,
934 1180 965 1204 et
982 1174 1119 1204 Homero
1135 1174 1256 1212 certior,
1274 1174 1356 1205 idem

704 1230 842 1262 Exauxit
857 1229 950 1261 studii
968 1229 1144 1260 Parisiensis
1160 1241 1239 1271 opes.

661 1287 756 1319 Crure
772 1298 826 1317 suo
842 1286 910 1317 laeso
926 1285 1033 1328 populi
1049 1285 1202 1316 venientis
1217 1285 1250 1315 111
1266 1291 1360 1321 arcto,

704 1343 781 1374 Crus
796 1342 899 1373 laesum
915 1341 1017 1384 posuit
1032 1352 1106 1371 mox
1121 1341 1179 1371 sibi
1194 1340 1298 1372 thema
1314 1352 1411 1371 suum.

666 1399 747 1429 Dum
764 1398 886 1429 fortuna
901 1403 1001 1434 nocet,
1018 1403 1049 1427 et
1065 1397 1149 1427 adest
1165 1397 1273 1439 elegia,
1290 1396 1370 1427 livor

708 1454 755 1485 De
771 1454 882 1484 damno
898 1453 1022 1496 gaudet,
1039 1453 1077 1483 de
1092 1453 1229 1484 bonitate
1245 1453 1337 1483 dolet.

666 1510 863 1541 Conveniunt
881 1509 956 1540 sacri
972 1508 1121 1545 doctores,
1139 1508 1214 1539 silva
1230 1507 1356 1545 recedit,

712 1566 753 1596 Et
767 1565 903 1596 succedit
918 1576 1001 1606 ager,
1018 1563 1133 1594 semina
1149 1575 1249 1605 sparsa
1265 1563 1355 1604 capit.

669 1621 801 1652 Parisius
816 1621 916 1652 verbis
931 1620 1056 1662 quidam
1073 1625 1280 1650 commoverat
1295 1619 1360 1649 istis

711 1677 826 1707 Doctor
841 1677 976 1707 collectis
991 1687 1081 1706 saxea
1097 1675 1188 1706 eorda
1204 1674 1286 1704 viris.

671 1733 795 1764 Dudum
813 1732 986 1763 mollier-ant
1000 1731 1113 1761 multos
1128 1730 1285 1766 miracula,
1303 1735 1400 1760 terror

727 1789 847 1831 “tegum,
864 1799 938 1829 quos
954 1787 1072 1817 fervens
1089 1786 1179 1816 duxit
1196 1786 1227 1815 in
1243 1796 1327 1815 arma
1342 1784 1425 1816 fides.

674 1843 834 1874 Diseordes
849 1842 921 1873 fidei
935 1854 990 1872 rex
1007 1841 1225 1873 Constantinus
1240 1840 1350 1882 agebat

716 1899 769 1930 Ad
784 1905 927 1935 mortem,
943 1898 1075 1939 reliquos
1090 1896 1249 1939 pacificare
1265 1896 1398 1926 studens.

677 1956 788 1986 Sancto
807 1954 952 1985 Silvestre
968 1960 1125 1996 prmsente,
1137 1953 1266 1994 jubebat
1283 1952 1428 1982 Hebraeos

720 2012 844 2042 Plenam
861 2011 885 2041 51
900 2016 1022 2052 possent
1037 2020 1174 2052 promere
1190 2008 1266 2050 legis
1281 2019 1380 2050 opem.

678 2067 730 2097 Bis
745 2079 798 2098 sex
813 2067 917 2097 electis
932 2065 1081 2097 conclusit
1096 2076 1175 2107 papa
1190 2063 1353 2105 magistris,

722 2123 804 2153 Inter
820 2133 894 2164 quos
912 2121 1012 2152 Zamri
1028 2121 1148 2163 praefuit
1163 2127 1226 2151 arte
1242 2131 1358 2161 magus.

680 2178 827 2209 Indomiti
842 2177 922 2208 tauri
937 2176 1061 2218 quidam
1077 2176 1204 2206 distillat
1219 2175 1251 2205 in
1267 2186 1370 2205 aurem

722 2233 933 2264 Daemonieum
948 2243 1072 2270 nomen,
1089 2242 1170 2262 mors
1182 2230 1261 2273 rapit
1276 2241 1349 2271 ergo
1365 2241 1464 2271 pecus.

679 2288 846 2320 Vivificare
861 2299 953 2330 pecus
968 2300 1023 2318 rex
1038 2287 1162 2318 nomine
1173 2286 1265 2328 jussit
1281 2285 1403 2321 codem;

722 2345 752 2376 N
754 2356 793 2375 on
809 2344 922 2386 potuit⁷
938 2350 1002 2375 tota
1017 2343 1128 2375 elamat
1146 2341 1273 2373 Hebraea
1290 2352 1411 2372 manus:
