2105 2871
584 415 631 448 18

916 422 1114 447 JOHANNIS
1132 422 1184 446 DE
1204 421 1440 446 GARLANDIA

671 505 763 535 Sedes
779 510 877 535 morte
893 504 987 546 patris
1003 504 1102 546 spatio
1119 504 1259 535 Romana
1274 504 1380 535 bienni

713 560 801 591 Muta
817 560 894 598 silet,
911 571 968 590 nec
985 559 1086 590 adhuc
1102 559 1243 602 proxima
1255 559 1335 590 bella
1351 559 1442 590 silent
1458 571 1465 596 3

671 616 730 647 Sed
747 622 853 647 contra
869 615 969 646 claves
986 615 1054 646 coeli
1070 615 1251 657 coelesteque
1266 627 1396 657 regnum

712 671 783 701 Non
800 670 963 701 infernales
979 670 1164 712 praevaluere
1181 670 1267 701 fores.

669 726 803 768 Corpora
819 724 958 755 defendit
974 724 1065 755 turris
1081 724 1206 766 regalia,
1223 724 1276 755 sed
1291 736 1353 755 non

712 781 829 811 Exutas
844 780 960 810 animas
976 779 1029 810 illa
1044 786 1148 810 tenere
1164 786 1273 821 potest.

669 837 751 868 Urbs
767 837 849 867 dolet
865 835 996 867 ecclesiae
1012 836 1099 876 eujus
1111 835 1214 866 civilia
1229 835 1311 866 cives

712 893 797 923 Bella
812 897 949 927 movent⁷
967 890 1090 921 fratrem
1107 890 1198 920 frater
1214 890 1253 920 ad
1269 902 1353 921 arma
1368 897 1466 922 vocat.

669 949 811 979 Ecclesiae
826 948 890 978 nati
906 947 1068 989 plusquam
1084 946 1189 977 civilia
1204 952 1346 984 tractant,

712 1004 772 1043 Qui
787 1015 885 1034 sacros
900 1008 1000 1045 patres
1015 1001 1234 1043 ecclesiamque
1249 1007 1402 1044 premunt.

667 1060 703 1090 ln
721 1059 807 1090 bellis
821 1070 921 1089 aevum
937 1057 1075 1100 gaudent
1092 1068 1272 1088 consumere
1289 1057 1428 1099 quidam,

711 1115 770 1154 Qui
787 1115 857 1145 dare
869 1113 1003 1156 propitio
1019 1113 1063 1144 nil
1080 1113 1216 1144 didicere
1233 1112 1309 1143 Deo.

668 1172 814 1203 Amisissc
830 1171 914 1202 diem
932 1170 1021 1201 Titus
1036 1182 1096 1212 qua
1112 1170 1157 1200 nil
1174 1169 1270 1207 dedit,
1287 1169 1390 1211 inquit

710 1227 871 1264 Roma-nim
888 1238 1004 1257 annum
1020 1225 1187 1268 perdimus,
1204 1225 1267 1256 heu
1282 1225 1358 1267 quid
1374 1225 1432 1256 erit
1451 1224 1464 1255 Ρ

667 1285 726 1315 Ter
742 1290 865 1315 centum
881 1283 964 1313 luces
979 1281 1080 1312 decies
1095 1292 1150 1311 sex
1165 1280 1322 1323 perdimus
1338 1286 1368 1311 et
1384 1291 1448 1312 sex.

711 1340 743 1371 Si
760 1338 948 1370 bissextilem
965 1337 1096 1368 dicimus
1112 1337 1155 1367 irc
1168 1336 1258 1367 diem.

668 1396 768 1427 Annis
784 1395 815 1425 in
832 1394 938 1425 multis
953 1393 1051 1424 aderit
1066 1392 1238 1424 miserabile
1254 1392 1411 1430 damnum,

712 1451 741 1481 A
757 1451 837 1481 bello
852 1460 964 1492 paucos
979 1448 1062 1490 quod
1078 1459 1220 1478 revocare
1236 1448 1320 1478 solet.

665 1507 719 1538 Est
734 1506 787 1548 qui
804 1505 929 1536 firm-atre
944 1504 1083 1535 dissolvit
1100 1504 1212 1534 soedera
1227 1504 1319 1546 pacis,

708 1563 922 1605 Cognatosque
935 1561 1026 1592 duces
1041 1560 1079 1591 ad
1095 1572 1175 1591 nova
1191 1560 1270 1591 bella
1286 1560 1381 1591 trahit
1400 1574 1406 1597 ;

669 1619 729 1658 Qui
745 1618 844 1662 pretio
860 1617 999 1661 proprios
1014 1616 1117 1648 studet
1132 1627 1312 1658 expugnare
1327 1624 1467 1658 parentes
1485 1630 1491 1650 ;

713 1674 773 1713 Qui
789 1673 910 1704 nullum
926 1673 1039 1704 metuit
1054 1672 1120 1703 aeris
1135 1684 1238 1702 amore
1253 1672 1348 1703 nefas.

670 1730 730 1761 Ista
745 1729 877 1772 probant
891 1728 998 1759 fratres
1014 1728 1138 1765 uterini,
1154 1727 1278 1758 mobilis
1294 1734 1374 1758 errat

712 1785 811 1821 Unus,
828 1784 902 1814 dum
916 1783 1032 1814 stabilis
1047 1783 1165 1814 desidet
1181 1783 1257 1813 alter
1273 1783 1315 1820 ei;

669 1841 819 1871 Monstrat
836 1839 1002 1870 Modredus
1017 1838 1191 1870 Galvanum
1204 1838 1310 1869 fraude
1326 1838 1474 1875 necando,

713 1897 772 1936 Qui
788 1896 911 1927 fratrem
928 1895 1017 1937 regni
1033 1894 1125 1925 frater
1141 1906 1243 1925 amore
1258 1901 1356 1925 necat.

669 1952 868 1983 Condoluisse
883 1958 970 1994 pater
985 1950 1086 1993 potuit
1105 1950 1197 1988 Loth,
1208 1956 1306 1981 mater
1323 1956 1353 1981 et
1370 1950 1474 1987 Anna,

713 2009 785 2047 Quae
801 2019 884 2039 soror
900 2007 1032 2038 Arthuri
1045 2007 1192 2049 principis
1209 2006 1302 2037 Anna
1315 2006 1382 2037 fuit.

670 2064 802 2095 Arthuri
816 2075 956 2106 sponsam
975 2063 1171 2094 Guennoram
1187 2074 1343 2105 regnaque
1361 2063 1450 2094 fallax

643 2154 660 2155 ἶ
714 2121 796 2150 Dum
811 2119 914 2162 potuit
929 2119 1041 2157 tenuit,
1057 2125 1089 2150 et
1103 2118 1244 2149 diadema
1259 2119 1326 2149 sibi.

672 2175 848 2206 proditione
864 2186 917 2205 sua
933 2175 1035 2217 periit,
1053 2175 1095 2205 sic
1110 2186 1184 2217 ergo
1199 2174 1313 2216 peribit

714 2230 773 2269 Qui
789 2229 870 2272 pacis
883 2230 1003 2272 franget
1016 2230 1129 2261 foedera
1144 2229 1250 2260 fraude
1266 2241 1328 2260 sua.

673 2285 853 2317 Instuduere
868 2286 956 2316 bonis
972 2285 1098 2328 quidam
1113 2296 1312 2327 meruereque
1327 2284 1462 2321 laudem,

716 2341 926 2384 Exemploque
942 2341 1001 2372 fuit
1016 2341 1142 2372 foemina
1156 2340 1264 2382 virque
1280 2340 1370 2371 bono.
