2105 2871
534 412 587 436 DE
606 410 831 436 TRIUMI‘HIS
850 409 1046 435 ECCLESIAE
1066 409 1180 434 LIBRI
1199 410 1281 434 SEX.

400 494 512 524 Nullus
527 494 560 524 in
576 494 649 524 orbe
665 504 747 523 novo
762 504 869 523 murus
885 492 1031 523 diviserat
1046 491 1152 528 hostis,

444 549 557 579 Nullus
572 548 673 579 adhuc
689 548 808 590 gladios
825 548 878 590 qui
895 547 1057 578 fabricaret
1074 554 1153 584 erat;

402 604 535 636 Glandes
550 611 581 635 et
597 604 714 635 fructus
729 615 893 634 nemorum
906 615 962 645 pro
979 603 1068 645 fruge
1084 603 1244 645 legebant3

441 659 514 690 Non
529 671 649 697 aurum,
666 671 814 701 gemmas,
832 666 907 689 tunc
923 658 1025 690 siticre
1041 658 1110 689 viri.

401 716 553 746 Funestos
567 715 642 746 belli
658 727 744 746 casus
760 715 917 745 incurrere
933 714 1058 752 debent,

442 771 581 802 Alterius
597 778 691 802 terras
707 771 761 813 qui
777 771 842 801 sine
854 771 924 811 jure
940 776 1061 812 petunt.

403 827 598 858 Succubucre
617 827 723 864 Gothi,
741 826 854 857 defecit
871 826 1056 863 YVandalus,
1075 825 1164 856 Huni

443 883 530 914 Victi
545 890 706 914 senserunt
722 882 813 913 fortia
829 888 948 924 sceptra
964 882 1072 913 crucis.

402 939 541 970 Mendax
555 939 727 975 haereticus,
745 951 814 970 caro
830 938 959 976 lubrica,
976 938 1124 980 plebsque
1137 937 1247 974 fidelis,

443 995 479 1026 [n
496 1007 526 1026 se
541 1002 638 1026 marte
654 1007 755 1032 ruens,
773 1001 833 1026 tres
849 994 908 1025 tria
924 995 1004 1025 bella
1020 1000 1157 1031 movent,

399 1052 478 1082 Fine
494 1058 597 1082 tamen
613 1051 699 1082 vario
715 1058 845 1088 certant,
863 1057 984 1093 pugnat
1001 1050 1073 1092 quia
1086 1051 1190 1091 justus

442 1107 495 1138 Ad
511 1119 629 1150 pacem,
645 1107 781 1149 pretium
798 1106 906 1137 mortis
923 1106 1049 1148 iniquus
1064 1105 1168 1136 habet.

401 1163 543 1194 Ecclesiae
559 1163 685 1205 quidem
701 1162 793 1193 fortes
809 1174 865 1204 pro
880 1174 955 1204 pace
971 1162 1079 1192 statuti

444 1219 616 1250 Offendunt
628 1219 747 1260 justum
764 1217 924 1260 sanguinis
941 1217 1040 1248 imbre
1058 1217 1172 1248 Deum.

402 1275 507 1306 Praelia
522 1287 586 1306 non
603 1281 719 1306 cessant
734 1286 789 1316 per
804 1280 904 1316 partes
920 1280 1051 1315 quatuor
1067 1273 1151 1310 anni,

442 1332 487 1362 Ut
503 1331 572 1374 plus
587 1331 741 1374 possideat
754 1330 867 1360 mentis
883 1341 973 1360 avara
989 1329 1064 1360 sitis.

401 1388 437 1418 In
455 1387 613 1419 Christum
628 1386 725 1417 nescit
741 1385 900 1416 incredula
916 1385 1039 1416 credere
1055 1385 1155 1422 turba,

393 1476 401 1479 ,
445 1444 518 1482 Quae
533 1442 629 1474 delira
646 1442 712 1472 Deo
728 1453 819 1472 saxea
835 1440 927 1471 corda
943 1440 1032 1483 gerit.

401 1499 507 1530 Hostis
522 1506 639 1529 naturae
654 1497 735 1528 ferus
751 1504 795 1528 est
813 1496 1038 1533 Machometus,
1055 1502 1085 1526 et
1096 1496 1197 1526 omnis

444 1555 505 1594 Qui
522 1560 626 1585 contra
643 1553 729 1595 genii
745 1553 858 1583 foedera
874 1552 962 1594 plura
978 1552 1052 1582 sitit.

401 1611 514 1642 Omnia
530 1609 711 1652 temperiem
728 1614 861 1646 servant,
878 1607 931 1638 sed
947 1607 1046 1638 cordis
1061 1607 1164 1638 hiatus

446 1666 482 1696 In
499 1672 573 1696 voto
589 1664 683 1695 finem
699 1676 762 1694 non
778 1663 911 1706 reperire
927 1668 1038 1704 potest.

401 1720 568 1764 Oppositus
583 1731 691 1750 cancer
707 1719 884 1761 capricorno
900 1718 1001 1760 lapsus
1017 1724 1047 1748 et
1064 1724 1157 1754 ortus,

444 1777 545 1819 Reges
560 1788 600 1807 ex
616 1776 677 1807 alto
694 1775 792 1806 ceruit
807 1775 891 1806 abire
906 1774 1015 1816 gradu.

401 1834 486 1865 Inter
501 1846 532 1864 se
547 1838 691 1874 praestant
707 1831 765 1862 sibi
780 1838 889 1861 mutua
905 1841 1032 1860 munera
1048 1840 1176 1865 meuses,

446 1890 486 1920 Et
502 1889 622 1920 coeleste
638 1888 755 1919 bouum
771 1887 954 1930 participare
969 1885 1095 1922 volunt3

401 1945 514 1988 Frigus
529 1951 560 1975 et
575 1943 746 1975 humiditas
761 1943 819 1973 sibi
835 1941 951 1973 fervida
967 1940 1106 1982 siccaque
1122 1939 1256 1982 placant,

443 2001 468 2031 F
470 2000 556 2031 oedus
570 2000 604 2030 in
620 1999 767 2041 oppositis
782 1998 883 2029 servor
899 2003 929 2028 et
944 1996 1056 2027 humor
1071 2002 1178 2037 agunt.

404 2057 496 2087 Istam
512 2055 692 2098 temperiem
709 2054 782 2084 fecit·
797 2052 946 2084 mirabilis
961 2059 1078 2089 auctor,

445 2112 505 2151 Qui
520 2120 641 2154 tempus
657 2110 775 2147 statuit,
793 2116 930 2151 tempore
946 2108 1043 2138 faetus
1058 2106 1161 2138 homo.

400 2168 484 2199 Dum
500 2167 595 2198 solem
611 2167 681 2197 vitae
698 2166 815 2196 fontem
826 2164 916 2205 jubet
932 2163 976 2194 ire
992 2162 1133 2205 planetis,

445 2223 506 2254 Sex
522 2223 659 2253 medium
675 2221 791 2252 fructus
807 2220 893 2251 ducit
908 2219 1004 2250 inesse
1020 2229 1132 2256 novos;

402 2279 458 2316 Ut,
478 2278 652 2316 Ptolomaee‚
670 2278 770 2315 doces,
787 2276 962 2319 complexio
979 2274 1067 2317 signa
1082 2281 1212 2311 catenat,

444 2334 485 2365 Et
500 2333 583 2376 pacis
597 2345 696 2365 nexus
710 2333 769 2364 hac
783 2332 933 2364 brevitate
950 2337 1045 2373 patet.

875 2396 894 2418 c
912 2390 929 2419 2

1460 402 1506 434 11

1521 1268 1576 1296 {De
1589 1269 1743 1297 temperantia
1756 1272 1777 1289 et

1521 1301 1604 1322 ordine
1616 1301 1744 1322 mundialis
1756 1308 1806 1322 ma-

1519 1333 1605 1359 chinae,
1619 1337 1641 1355 et
1654 1334 1683 1355 de
1692 1341 1787 1355 excessu
1806 1334 1828 1354 in

1521 1366 1666 1389 hominibus.
