2105 2871
555 413 600 446 22
886 421 1085 446 JOHANNIS
1103 421 1156 446 DE
1177 420 1411 446 GARLANDIA

644 503 703 535 Sed
719 503 743 534 si
759 503 942 545 colligerent
957 503 1031 534 fidei
1047 515 1102 546 pro
1118 503 1226 534 robore
1242 503 1332 540 viros,

486 564 519 589 [ἕρ
686 560 802 590 Trenos
817 559 992 600 abjicerem,
1009 559 1144 590 carmina
1159 560 1227 590 laeta
1243 570 1363 590 canens.

232 626 249 653 ῃ
263 625 298 647 De
311 623 426 660 relliquiis.
438 622 498 651 regis
642 615 763 646 Militiae
778 615 922 657 pacisque
937 622 1024 657 pater
1042 615 1230 652 Ludovicus,
1246 615 1371 656 utrique

245 658 367 679 Franmae.
687 671 741 701 Est
757 671 894 713 clypeus,
911 671 984 701 fidoi
1001 677 1082 712 tyro,
1099 671 1258 712 crucisque
1275 671 1372 713 pugil.

644 727 765 758 Militiae
781 739 869 757 sacrae
883 726 1005 769 peragit
1020 726 1166 768 praeludia
1182 726 1331 768 quaedam,

689 784 788 821 Quam
804 788 910 813 contra
928 781 1057 812 Parthos
1071 793 1127 812 rex
1143 782 1323 824 peregrinus
1339 790 1417 824 aget

646 838 778 869 Parisius
793 838 892 880 posita
908 838 1018 880 probat
1032 837 1115 867 istud
1131 844 1234 868 sancta
1250 849 1370 874 corona,

689 893 787 932 Quam
807 893 921 924 Christi
937 893 1044 924 cervix
1060 893 1257 924 immaculata
1272 893 1353 924 tulit.

647 949 732 980 Crux
748 949 857 991 probat
872 949 942 986 hoc,
960 954 991 979 et
1006 948 1166 990 relliquiae,
1183 960 1257 990 quas
1272 948 1335 979 aede
1352 957 1464 979 sacrata

692 1004 795 1035 Sacras
812 1004 863 1035 ille
880 1005 964 1042 colit,
982 1016 1056 1046 quas
1072 1004 1105 1034 in
1120 1003 1237 1035 honore
1254 1010 1347 1035 tenet.

649 1060 781 1102 Spiritus
796 1060 925 1102 inspirat
941 1072 1033 1098 sacer,
1050 1066 1086 1090 ut
1104 1059 1298 1090 Salomonica
1313 1071 1408 1102 regna

691 1117 850 1148 Remcnsis
865 1124 964 1148 rector
980 1117 1076 1147 salvet
1091 1117 1129 1148 ub
1145 1116 1233 1148 hoste
1249 1129 1312 1148 suo.

649 1173 810 1215 Relliquiae
827 1180 917 1204 tantae
933 1173 1065 1215 pretiosa
1081 1173 1194 1215 palatia
1209 1180 1350 1215 poscunt,

693 1230 817 1260 Publica
833 1229 982 1260 divitibus
998 1230 1244 1272 pauperibusque
1261 1229 1328 1260 Dei.

649 1285 791 1316 Ecclesiae
807 1292 900 1327 gratae
916 1297 1076 1327 procerum
1094 1296 1268 1316 succurrere
1284 1285 1387 1315 nullus

693 1341 809 1379 Audet,
827 1341 900 1372 dum
918 1341 1029 1372 metuit
1044 1341 1170 1383 perdere
1186 1341 1314 1383 quisque
1330 1352 1391 1371 sua.

663 1399 719 1429 {ex
735 1409 797 1428 non
814 1397 932 1428 dimisit
947 1409 1002 1439 pro
1018 1397 1099 1428 bello
1116 1397 1190 1439 quin
1207 1409 1288 1427 sacra¹
1304 1403 1387 1427 tanta

695 1454 810 1485 Affcrri
826 1454 948 1491 faceret,
966 1454 1081 1496 templa
1097 1460 1217 1495 pararet
1232 1454 1283 1484 eis.

653 1510 859 1540 Instrumenta
877 1510 989 1551 quibus
1005 1509 1105 1551 elegia.
1121 1521 1240 1539 summa
1255 1509 1387 1545 recessit,

695 1565 821 1595 Plausus
837 1571 867 1595 et
883 1555 1018 1602 accessit,
1034 1564 1151 1595 indicat
1167 1564 1241 1595 ordo
1256 1564 1309 1595 rei.

653 1621 758 1651 Scribo
776 1621 853 1656 Dco,
869 1620 1021 1662 matrique
1038 1619 1108 1657 Dei,
1125 1620 1296 1661 sanctisque
1312 1619 1422 1655 beati53

695 1677 884 1718 Pauperibus
900 1688 987 1718 reges
1002 1687 1084 1707 mors
1095 1676 1186 1717 jubet
1202 1687 1264 1706 esse
1282 1687 1375 1718 pares.

652 1732 739 1762 Mitis
754 1732 786 1762 in
803 1731 939 1768 ecclesia,
956 1731 1009 1761 sed
1024 1731 1056 1761 in
1073 1731 1164 1762 armis
1179 1742 1247 1762 acer
1262 1738 1401 1773 uterquc,

694 1789 716 1820 J
719 1795 821 1819 ustum
838 1787 1000 1830 praetendit
1015 1787 1120 1829 nilque
1136 1787 1278 1818 remissus
1293 1787 1366 1829 agit.

653 1841 813 1873 Collidunt
829 1853 891 1872 sese
907 1843 1038 1884 geniinae
1053 1855 1108 1885 per
1122 1843 1203 1874 bella
1219 1843 1400 1885 eolumpnae,
1444 1862 1447 1863 ν

696 1897 926 1939 Ecclesiamque
941 1905 1068 1929 movent
1083 1898 1127 1929 hii
1144 1898 1205 1929 duo
1221 1904 1317 1930 marte
1332 1899 1432 1930 duces.

654 1953 718 1983 Vos
734 1960 764 1983 et
780 1953 904 1984 divitias
920 1960 1033 1985 vestras
1049 1953 1207 1996 exponite,
1224 1965 1320 1996 reges,

698 2009 756 2040 Pro
773 2016 851 2040 terra
867 2016 980 2047 sancta,
998 2022 1088 2052 quam
1107 2010 1169 2041 fera
1184 2010 1264 2041 bella
1279 2019 1433 2052 premunt.

655 2065 719 2096 Pax
735 2065 853 2096 utinam
870 2074 998 2103 constet,
1016 2066 1138 2108 fugiant
1154 2065 1340 2103 discrimina,
1357 2077 1462 2108 pugna

696 2122 852 2160 Discedat,
869 2123 973 2154 veniat
989 2123 1098 2165 gratia,
1115 2129 1225 2165 regnet
1239 2133 1332 2153 amor.

656 2177 797 2208 Ecclesiae
812 2190 918 2220 pacem
935 2179 959 2209 si
976 2179 1044 2220 quis
1059 2179 1228 2220 perturbat,
1245 2178 1282 2209 ad
1299 2178 1361 2208 ima

697 2232 830 2271 Corruit,
848 2240 878 2264 et
893 2234 992 2265 noscit
1007 2234 1075 2276 quis
1091 2234 1130 2265 sit
1146 2240 1176 2265 et
1190 2234 1273 2265 unde
1288 2233 1383 2264 venit.

655 2287 692 2318 In
709 2288 815 2319 multis
831 2301 885 2330 pro
902 2301 974 2331 pace
990 2290 1071 2320 bona
1087 2290 1204 2321 deferre
1220 2296 1342 2320 tenetur

698 2344 721 2374 C
724 2345 864 2375 aesaribus
881 2346 1000 2388 magnis
1016 2345 1201 2388 pontificalis
1216 2357 1304 2388 apex.
