2105 2871
298 660 335 682 130>

277 1795 327 1822 150

311 2352 362 2378 [ᾧ.-

547 409 599 433 DE
619 407 846 433 TRIUMPHIS
864 406 1063 432 ECCLESIAE
1082 405 1198 430 LIBRI
1215 405 1321 430 OCTO.

438 492 493 523 'tex
508 502 613 533 regem
630 491 722 521 duxit
737 501 852 527 secum,
870 489 1072 531 Cyprumque
1086 487 1236 529 relinquit

468 547 607 585 Custodi,
624 553 759 588 coeptum
775 545 869 576 classe
884 544 1005 586 peregit
1020 543 1087 574 iter.

426 604 575 646 Sponsam
590 602 715 634 Ricardi
731 601 865 643 suscepit
880 600 998 631 honore
1015 599 1189 642 Philippus,

468 660 582 690 Contra
598 670 752 701 germanae
767 657 880 688 foedera
895 656 975 687 facta
991 668 1061 693 suae,

426 716 545 746 Ducere
561 726 653 756 quam
670 713 826 756 propriam
843 712 1026 755 promiserat
1041 717 1113 742 ante
1130 711 1290 748 Ricardus,

470 772 559 811 Quod
575 783 627 802 sua
644 770 785 802 dissuasit
802 769 951 800 Alienora
966 780 1084 807 parens.

427 829 616 859 Dromonem
634 839 689 870 pro
704 826 823 857 divitiis
838 825 1015 867 penetravit
1032 824 1164 862 Alanus,

471 884 531 923 Qui
547 884 645 926 pirata
662 883 749 914 ducis
764 888 839 913 trux
855 888 885 913 et
901 881 1028 912 acerbus
1044 886 1118 911 erat.

427 941 523 972 Gazas
540 939 725 971 Parthorum
742 938 841 969 varias
857 949 987 968 carvana
1002 936 1137 973 tenebat,

472 996 531 1027 Sed
547 1008 603 1027 rex
618 995 761 1026 collectas
775 1006 847 1025 ense
862 993 984 1035 subegit
999 1004 1080 1035 opes.

430 1052 571 1083 Parthica
587 1052 675 1094 signa
688 1051 711 1083 J
713 1063 803 1094 opem
820 1050 984 1086 invadunt,
1002 1049 1112 1080 (lextra
1128 1047 1257 1079 Ricardi

471 1108 562 1139 Hanc
579 1108 668 1150 tegit,
686 1114 717 1139 et
733 1108 805 1138 litus
822 1107 854 1137 in
871 1106 1002 1137 statione
1018 1111 1112 1136 tenet.

429 1165 528 1204 Quam
545 1164 630 1207 prius
647 1163 765 1206 accepit
781 1162 930 1199 defendit,
947 1168 978 1193 et
993 1161 1067 1192 huic
1086 1159 1248 1192 Saladinus

472 1220 624 1262 Magnum
641 1231 696 1261 pro
713 1229 827 1260 magno
843 1228 969 1248 munere
986 1216 1070 1247 misit
1085 1227 1215 1258 equum3

430 1277 482 1308 Ad
499 1282 625 1319 gentem
641 1274 796 1317 propriam
814 1273 965 1304 fainulum
982 1272 1055 1304 tulit
1071 1271 1182 1303 efferus
1197 1283 1307 1307 unum,

475 1333 525 1364 Sic
541 1332 642 1374 ipsum
658 1342 763 1373 regem
779 1329 979 1373 proripuisset
994 1339 1091 1370 equus

431 1388 562 1428 Quando
581 1387 778 1419 Semiramios
794 1385 957 1428 campestri
973 1390 1070 1415 marte
1086 1390 1234 1426 tyrannos

473 1443 625 1481 Consecit,
642 1449 744 1474 tantos
760 1442 832 1472 fecit
848 1441 950 1472 adesse
966 1446 1077 1478 metm,

431 1500 521 1539 Quod
536 1506 605 1542 post
620 1498 700 1529 facta
715 1498 802 1529 ducis
817 1497 962 1528 reducem
978 1496 1110 1527 timuere
1126 1495 1251 1526 subacta

473 1556 575 1587 Morte
591 1555 696 1585 venire
712 1553 834 1591 ducem,
851 1564 942 1595 seque
958 1553 1078 1583 subesse
1095 1551 1178 1583 duci.

432 1613 488 1644 Est
503 1624 520 1643 a
535 1623 608 1654 rege
624 1611 688 1642 dies
705 1610 896 1641 Francorum
912 1608 975 1639 fixa
992 1607 1126 1638 Ricardo

474 1667 569 1699 Urbis
584 1667 623 1698 ad
638 1666 781 1704 insultus,
798 1671 829 1696 et
844 1664 927 1695 favet
942 1664 996 1695 ille
1011 1664 1118 1694 libens.

431 1724 591 1756 Convocat
606 1733 680 1764 ergo
696 1733 775 1759 suos,
793 1732 864 1751 aves
878 1720 980 1763 pretio
997 1719 1103 1757 trahit,
1121 1719 1181 1750 illae

475 1779 626 1811 Omnibus
642 1777 775 1820 ingeniis
790 1776 903 1807 moenia
918 1787 1039 1806 summa
1053 1782 1174 1818 petunt.

432 1837 533 1879 Larga
547 1847 657 1866 manus
671 1834 787 1865 victrix
803 1839 921 1864 mentes
936 1832 1036 1863 irretit
1051 1843 1166 1869 avaras,

475 1892 603 1924 Excitat
618 1897 649 1922 et
664 1890 797 1927 timidas,
814 1888 1015 1930 vivificatque
1030 1888 1143 1930 pigras.

434 1948 588 1984 Pictavus‚
607 1946 810 1989 Andegavm,
828 1945 1038 1981 Normanmm,
1055 1949 1086 1974 et
1103 1943 1257 1986 Anglicus
1273 1943 1399 1980 instant,

474 2004 587 2040 Vasco,
606 2001 794 2038 Uuallensis,
813 1999 1036 2042 Cornubiaeque
1052 1999 1172 2041 globus.

434 2060 609 2102 Implentur
624 2059 735 2089 fossata
750 2057 825 2094 solo,
843 2056 896 2087 dat
910 2067 1017 2086 murus
1032 2055 1165 2093 hiatum,

474 2116 589 2158 Fitque
606 2114 796 2145 Maehometi
811 2113 938 2144 victima
953 2112 1055 2142 clausa
1070 2111 1186 2142 cohors.

434 2172 503 2203 Rex
517 2178 680 2214 postquam
696 2170 789 2213 fregit
804 2180 907 2200 muros
925 2167 1148 2205 Tholomaidis‚
1165 2167 1284 2198 intrans

476 2228 640 2259 Austricus
654 2227 734 2258 hanc
750 2226 892 2269 princeps
908 2224 996 2266 signa
1011 2223 1113 2266 priora
1128 2223 1217 2254 locat..

434 2284 605 2326 Indignaris
619 2282 719 2313 victor
734 2293 787 2312 sua
801 2280 969 2323 posteriora
984 2279 1089 2317 locari,

476 2339 623 2371 Austrica
638 2337 755 2369 vexilla
766 2336 858 2379 jussit
874 2336 906 2366 in
923 2341 1011 2366 antra
1022 2335 1096 2376 jaci.

950 2401 972 2422 11
983 2394 1001 2422 2
