2105 2871
327 1121 355 1137 {l

522 310 575 335 DE
594 307 820 334 TRIUMPHIS
838 303 1036 331 ECCLESIAE
1055 300 1170 327 LIBRI
1188 299 1293 325 OCTO.

399 394 497 424 Silvas
512 392 682 424 commovit
699 389 840 432 Orpheus
852 385 1063 418 modulamine
1079 383 1198 425 plectri,

441 449 529 480 Fecit
544 455 573 479 et
590 445 752 489 Amphion
768 455 840 475 saxa
856 442 944 473 salire
960 441 1035 482 lyra„

398 505 471 536 Non
487 510 679 535 cantatorum
694 499 836 531 modulos
850 495 993 538 intelligo
1009 500 1143 531 tantum,

442 560 579 600 Quilibet
594 566 639 590 est
656 556 797 599 Orpheus
811 559 973 596 promptus
988 551 1021 581 in
1037 557 1102 581 arte
1117 560 1180 580 sua.

400 616 508 659 Surgit
522 615 561 646 ab
575 614 636 645 hiis
650 613 731 644 livor
746 618 777 642 et
792 611 830 641 ab
846 609 905 640 hoe
921 607 1019 650 elegia
1034 606 1119 643 belli,

443 672 511 711 Qua
526 676 621 702 (ιε-ψη
636 668 773 699 studium
790 664 1020 706 fructificusque
1036 662 1131 693 labor.

402 727 495 758 Italus
509 726 571 757 huc
587 725 714 756 veniens
729 723 767 754 ad
783 722 892 753 robora
907 727 1011 751 nostra
1026 717 1173 760 magister

443 782 612 818 Rolandus,
628 780 716 812 verbi
731 779 842 810 claruit
857 788 929 808 ense
943 775 1031 811 sacri,

402 840 426 870 F
429 839 488 869 orti
505 836 646 869 Rolando
661 836 768 877 major,
785 834 856 877 quia
872 843 998 875 corpora
1014 830 1122 862 stravit

443 894 511 931 ffle,
527 893 581 924 sed
596 892 775 923 haereticum
792 888 934 920 contudit
948 887 1001 918 ille
1017 886 1109 917 nefas.

402 950 521 983 Gaudia
536 950 591 991 qui
605 959 684 979 vana
703 947 834 979 Galvani
850 944 978 976 tradidit
993 943 1070 985 igni,

445 1006 557 1048 Dispar
574 1005 712 1036 Galvano
728 1014 801 1033 nam
818 1001 878 1032 fuit
892 1001 950 1031 iste
965 998 1071 1042 probo,

403 1063 465 1093 Iste
480 1061 594 1104 probus
608 1059 706 1090 fuerat
724 1057 858 1089 Arthuri
873 1062 942 1097 tyro
958 1055 1088 1089 facetus;

447 1117 598 1160 Inprobus
614 1116 682 1153 iste,
699 1115 777 1146 dolis
792 1113 912 1155 plenus,
928 1111 1078 1153 inopsque
1094 1108 1177 1140 boni.

403 1174 475 1205 Non
491 1173 590 1204 solum
606 1178 725 1203 sanctos
740 1175 932 1213 spreverunt,
949 1167 1002 1198 sed
1018 1177 1100 1197 sacra
1116 1165 1239 1206 scripta,

448 1228 605 1266 Haeretici,
622 1239 754 1270 quorum
770 1226 865 1268 serpit
880 1225 918 1256 ab
934 1235 985 1255 ore
1001 1222 1100 1253 dolus.

404 1287 452 1317 De
467 1297 530 1328 spe,
547 1285 646 1326 deque
661 1283 734 1320 fide,
750 1282 837 1314 suevi
853 1280 985 1312 retinere
1000 1277 1157 1313 libellum;

448 1340 532 1371 Huic
548 1347 580 1370 et
594 1338 758 1381 apostolica
774 1344 859 1380 gesta
874 1336 970 1378 ligata
985 1333 1053 1365 tuli.

407 1395 470 1426 Illis
485 1394 613 1437 exposui
630 1393 762 1436 quadam
778 1392 929 1423 brevitate
944 1399 1093 1426 tenorem,

450 1452 496 1482 De
511 1456 616 1482 sancto
632 1449 732 1480 fuerat
747 1449 860 1491 pagina
876 1447 977 1490 prima
995 1446 1094 1477 Petro.

408 1507 490 1538 Petri
506 1505 679 1537 martirium
695 1504 777 1535 vidit
792 1503 964 1535 tricesimus
979 1513 1078 1532 annus

448 1563 490 1594 Et
505 1569 620 1598 sextus,
635 1568 797 1603 postquam
814 1559 901 1591 venit
916 1559 954 1590 ad
969 1566 1048 1589 astra
1065 1557 1189 1589 Jhesus.

405 1620 557 1650 Octavum
573 1623 738 1648 numerant
753 1616 890 1659 quidam,
907 1615 989 1657 quod
1005 1613 1149 1645 chronica
1165 1612 1281 1642 distant

450 1675 536 1706 Inter
551 1686 592 1712 se,
611 1674 719 1705 Petrus
734 1673 767 1704 in
784 1684 873 1704 cruce
889 1671 1014 1714 quando
1030 1670 1098 1701 fuit.

405 1731 468 1762 Hic
483 1742 583 1768 cruce,
599 1730 652 1761 sed
668 1729 772 1772 gladio
787 1729 876 1760 venit
891 1728 930 1759 ad
945 1727 1077 1759 coelestia
1096 1725 1219 1761 Paulus,

450 1787 664 1828 Exauctasque
680 1785 747 1816 Deo
762 1785 890 1816 reddere
905 1783 1019 1827 gaudet
1035 1793 1115 1813 oves.

408 1844 593 1885 Pomposum
609 1842 711 1873 vicere
725 1852 863 1883 magum,
880 1840 934 1882 qui
949 1840 1049 1881 lapsus
1065 1838 1103 1869 ab
1115 1837 1177 1868 alto

451 1899 634 1930 Sanctorum
648 1897 790 1940 precibus
804 1896 891 1928 venit
906 1896 945 1927 ad
959 1896 1022 1926 ima
1037 1895 1144 1936 stygis.

407 1955 458 1987 Sic
473 1955 559 1986 venit
574 1953 723 1985 haereticis
738 1953 890 1996 planetus,
907 1952 950 1983 sic
964 1951 1062 1994 gloria
1074 1950 1180 1991 justis:

451 2010 503 2042 Sic
516 2010 652 2040 lamenta
665 2009 765 2047 malis,
781 2007 894 2051 gaudia
910 2018 983 2038 vera
997 2006 1096 2038 bonis.

408 2065 576 2097 offendens
591 2065 723 2096 Romam
740 2064 823 2095 Nero
839 2070 936 2094 tortor
951 2063 989 2093 ab
1005 2062 1080 2093 urbe
1094 2061 1205 2092 timore

450 2121 538 2159 Exit,
554 2121 716 2152 distractus
730 2132 794 2161 non
809 2119 903 2150 habet-
918 2118 991 2149 inde
1007 2118 1120 2149 locum.

406 2177 548 2209 Andreas
562 2177 646 2208 urbis
662 2177 777 2208 Paterae
792 2182 886 2218 pater,
903 2175 936 2205 in
951 2186 1040 2205 cruce
1054 2172 1202 2216 pendens,

451 2233 538 2265 Circa
554 2245 584 2264 κ
596 2233 709 2263 meruit-
724 2232 829 2263 lumen
845 2231 955 2262 habere
973 2230 1040 2260 Dei.

1433 287 1506 321 101

1529 1157 1546 1185 ¹]
1562 1157 1610 1180 Hic
1621 1161 1746 1187 ponuntur
1757 1164 1836 1179 exem-

1529 1191 1567 1220 pla
1584 1194 1607 1212 et
1618 1190 1733 1212 miracula
1743 1193 1837 1219 aposto-

1529 1223 1605 1245 lorum
1613 1228 1695 1245 comm
1707 1223 1838 1245 haeretieoS.
