2105 2871
292 1214 334 1236 51⁷

266 1771 293 1792 5⁷2
303 1779 315 1791 5

532 396 585 422 DE
604 397 835 422 TRIUMPHIS
854 397 1052 423 ECCLESIAE
1070 398 1185 423 LIBRI
1203 398 1308 424 OCTO.

416 479 498 521 Ergo
514 491 612 522 prona
627 479 709 510 malo
726 485 858 521 caeptum
873 479 960 521 plebs
976 479 1104 510 damnat
1121 480 1277 522 Hugonis,

456 535 605 566 Dissonus
620 541 652 566 et
667 545 773 565 rumor
787 535 926 565 ruminat
941 540 1009 565 acta
1024 546 1114 566 nova.

415 591 490 621 Ensi
508 590 648 621 Pictavia
662 589 847 626 succumbit,
863 588 1001 620 marchia
1016 596 1113 620 metas

456 646 597 684 Amittit,
614 645 729 677 victrix
748 645 847 677 Gallia
863 651 960 676 castra
976 644 1068 687 capit.

413 702 488 732 Haec
503 701 596 739 cadit,
612 701 677 732 haec
691 701 805 743 surgit;
821 701 886 732 haec
901 706 1020 738 moeret,
1035 700 1116 731 ridet
1132 706 1162 731 et
1177 700 1245 738 illa;

455 757 529 788 Nox
544 757 658 796 lucem,
674 763 798 788 noctem
814 757 871 788 lux
886 768 966 788 nova
982 768 1059 798 saepe
1074 756 1166 798 rapit.

414 814 472 845 Pro
488 820 591 845 sancta
607 825 696 845 cruce
712 825 818 856 pugna
833 812 936 855 gravis
951 811 1081 842 fecunda
1097 817 1235 849 tenetur;

456 870 575 901 Merces
589 869 743 900 militibus
758 874 829 900 sunt
846 867 918 905 duo,
935 873 1026 905 terra,
1042 867 1140 909 polus.

414 925 532 957 Nudati
548 926 658 969 lugent
673 925 800 961 rurales,
817 924 871 966 qui
886 923 943 954 sibi
960 924 1114 966 plangunt-

454 981 570 1013 Currus
586 982 764 1019 abstractos,
782 981 872 1019 farra,
890 981 995 1019 boves,
1013 987 1043 1012 et
1059 992 1164 1023 equos.

415 1037 572 1080 Lugentes
588 1038 734 1074 clamant,
752 1041 771 1054 “
781 1037 900 1067 domini
916 1036 978 1067 sint
993 1042 1039 1067 tot
1054 1036 1222 1074 maledicti,

459 1093 570 1135 Reges,
586 1093 752 1136 praepositi,
769 1104 877 1135 praeco,
894 1092 1045 1135 pedester,
1062 1104 1163 1134 eques.

415 1149 479 1180 Nos
495 1150 598 1181 miseri
615 1150 776 1187 morimur,
793 1149 868 1180 dum
883 1161 939 1180 nos
955 1160 1104 1180 mucrone
1120 1148 1288 1191 probamus

457 1202 517 1237 Jus
533 1205 630 1244 ducis,
648 1205 793 1236 asscribat
809 1205 909 1236 victor
926 1212 961 1236 ut
976 1217 1061 1247 sequa
1079 1205 1149 1236 sibi.

417 1261 471 1292 Est
487 1260 574 1292 miles
589 1261 728 1304 gladium
745 1261 884 1291 nondum
902 1261 1024 1292 vibrare
1040 1261 1167 1303 peritus,

458 1315 575 1347 Doctor
590 1316 643 1358 qui
659 1316 756 1347 nescit
771 1316 865 1347 verba
883 1316 994 1346 Latina
1011 1316 1124 1358 loqui.”

418 1371 468 1402 Sic
484 1371 593 1402 ruralis
609 1371 710 1401 adhuc
726 1382 847 1413 pugnas
862 1377 893 1402 et
908 1371 1025 1413 equitia
1042 1371 1178 1409 damnat⁷

459 1427 595 1469 Culpans
611 1427 805 1469 quorundam
822 1426 998 1469 pontificale
1010 1427 1136 1469 jugum.

420 1483 454 1513 In
470 1483 631 1525 tyrociniis
647 1483 771 1525 plausus
786 1483 885 1525 elegia
901 1483 1029 1525 planctu

461 1538 605 1581 Surripit,
623 1546 653 1570 et
669 1539 750 1570 tristi
766 1539 873 1570 funere
890 1551 1003 1582 pompa
1018 1539 1107 1581 perit.

417 1595 453 1625 In
470 1595 586 1626 bellum
602 1607 689 1627 versa
704 1595 779 1626 belli
794 1595 962 1627 bacchatur
978 1595 1092 1637 imago,

459 1651 561 1693 Ipsam
578 1663 642 1682 rem
660 1652 756 1682 fallax
771 1651 876 1683 induit
891 1652 1000 1683 umbra
1016 1651 1070 1683 rei.

417 1707 544 1739 Rurales
560 1707 709 1738 damnum
725 1707 884 1738 redimunt
900 1720 964 1738 11011
980 1708 1099 1745 funera,
1117 1707 1207 1738 donis

459 1763 533 1802 Quae
549 1763 683 1795 dominis
700 1764 827 1802 donant,
844 1764 996 1806 sanguine
1012 1770 1098 1807 parta
1114 1775 1178 1795 suo.

416 1819 480 1851 Nos
496 1819 569 1851 facit
584 1826 718 1862 agrestes
733 1821 861 1863 agrestis
877 1820 952 1858 vita,
966 1821 1133 1863 jacensque

460 1875 636 1918 Paupertas,
653 1876 788 1918 positum
799 1876 863 1917 jus,
881 1876 1087 1918 dominusque
1103 1875 1214 1918 gravis.

418 1931 477 1962 Vir
491 1943 658 1974 generosus
674 1932 733 1963 erit
748 1932 811 1963 sola
827 1932 944 1964 virtute
959 1944 1112 1969 coruscus,

461 1987 595 2030 Inguine
611 2000 674 2018 non
690 1988 747 2018 vili
763 1988 1005 2030 spermaticaque
1018 1988 1077 2019 lue.

418 2043 473 2074 Est
489 2055 529 2074 ex
544 2050 706 2086 conceptu,
723 2051 825 2086 partu,
842 2044 939 2081 victu,
956 2044 1148 2086 gemituque,

460 2098 619 2137 Discursu,
636 2100 734 2142 lapsu,
751 2112 847 2131 verna
862 2100 975 2130 laboris
990 2099 1093 2130 homo.

419 2155 492 2185 Haec
508 2161 552 2185 est
567 2155 718 2197 pernicies
733 2156 817 2193 belli,
835 2156 917 2198 quod
933 2167 988 2186 ver
1002 2155 1093 2197 parit,
1109 2162 1194 2186 aestas

461 2211 578 2254 Auget,
596 2218 626 2243 et
642 2219 831 2255 autumpnus
847 2212 978 2255 perficit,
995 2212 1048 2242 illa.
1063 2212 1163 2243 metit.

419 2267 542 2298 Aureus
558 2268 687 2309 aequales
702 2268 779 2299 aries
795 2280 865 2299 cum
883 2268 1032 2310 ponderat
1046 2267 1147 2305 horas,

462 2325 503 2355 Et
520 2325 603 2356 Mars
618 2325 650 2355 in
667 2325 755 2367 signo
761 2325 825 2366 jam
843 2330 948 2355 movet
963 2335 1047 2354 arma
1063 2335 1127 2361 suo,

901 2390 918 2410 F
929 2382 947 2410 2

1540 1369 1557 1397 ἹῙ
1576 1370 1612 1391 De
1624 1370 1734 1399 periculis
1746 1371 1770 1392 in

1539 1403 1665 1431 tyrociniis.

1541 2176 1561 2201 “J
1581 2175 1617 2197 De
1630 2175 1743 2204 qualitate
1756 2180 1814 2198 tem-

1540 2208 1602 2237 poris
1615 2208 1723 2235 vernalis»,
1737 2211 1759 2230 et
1772 2209 1801 2230 de

1540 2244 1644 2270 tempore
1659 2240 1725 2263 belli.
