2105 2871
913 441 1112 468 JOHANNIS
1130 443 1183 467 DE
1204 443 1439 468 GARLANDIA

663 521 802 554 Monstra
818 524 910 555 maris
926 530 1075 563 monstro,
1092 525 1276 556 monstravit
1292 538 1359 568 quae
1371 526 1450 557 mihi
1466 534 1560 557 nauta
1583 539 1589 564 ;

709 578 848 610 Alterius
864 579 982 611 dietum
999 581 1134 622 postulat
1149 593 1211 613 0550
1226 594 1341 613 meum.

666 634 725 665 Sed
742 634 847 666 dicens,
863 635 951 666 aliter
967 636 1055 673 illud,
1073 637 1244 678 praemunio
1260 637 1409 680 quosdam

707 691 761 721 Ad
776 703 860 722 mare
876 692 929 734 qui
946 692 1069 730 saliunt,
1084 700 1129 724 est
1143 694 1197 724 ubi
1213 706 1279 725 rara
1295 694 1385 725 salus.

666 746 723 777 Per
738 758 822 778 mare
838 748 924 778 nulla
940 748 1026 789 quies
1041 748 1095 778 ubi
1110 756 1241 779 mortem
1258 756 1376 791 separat
1392 762 1470 781 asser

708 802 738 832 A
754 803 833 840 vita3
850 803 941 834 tellus
957 803 1079 845 effugit,
1097 804 1181 835 unda
1196 805 1289 836 subit.

665 858 695 888 A
712 864 803 900 portu
820 858 947 900 pelagus
964 859 1120 900 placidum
1136 871 1192 890 rex
1208 859 1323 899 laudat,
1340 867 1372 892 at
1387 862 1460 892 inde

710 914 748 944 Se
765 914 840 944 levis
856 914 934 945 irato
950 914 1094 956 protheat
1110 926 1162 946 ore
1180 915 1298 946 Thetis.

899 1083 1083 1114 Exhortatio
1100 1084 1135 1115 de
1151 1095 1235 1115 cruce
1250 1085 1448 1126 suscipienda.

665 1193 818 1235 Tempora
834 1205 921 1224 110550
937 1195 1030 1225 maris
1045 1195 1124 1226 ratio
1139 1207 1203 1226 non
1220 1196 1354 1239 denegat
1370 1197 1444 1231 ulla,

710 1249 766 1279 Illa
782 1249 854 1280 licet
869 1250 1010 1281 stabilem
1028 1263 1090 1281 non
1107 1251 1242 1282 habuere
1260 1251 1363 1282 fidem.

666 1305 796 1343 Quando
813 1306 910 1336 erucis
926 1307 1059 1348 populus
1075 1314 1180 1349 poscet
1198 1307 1393 1339 Salomoniea
1409 1308 1534 1351 templa,

708 1361 804 1391 Nosse
820 1361 903 1392 volet
919 1362 1033 1404 placidi
1046 1369 1184 1405 tempora
1200 1370 1282 1394 certa
1298 1364 1400 1395 maris.

666 1416 838 1459 Expugnat
854 1429 978 1459 superos
994 1418 1073 1449 acies
1089 1419 1231 1461 clypeata
1247 1419 1425 1462 gigantum,

710 1472 745 1502 In
762 1479 893 1515 stragem
912 1486 1043 1515 quorum
1059 1487 1176 1506 canone
1193 1487 1271 1518 papa
1288 1482 1390 1513 tonat3

666 1528 719 1558 Ad
735 1534 847 1559 nutum
864 1529 985 1560 domini
1001 1541 1086 1572 papa)
1102 1531 1287 1569 concurrite,
1304 1543 1424 1562 remum

711 1583 842 1622 Sumite,
859 1585 1025 1627 remigium
1043 1585 1168 1623 flectite,
1186 1586 1253 1617 vela
1270 1587 1349 1618 date.

666 1639 824 1670 Praesaloat
839 1651 942 1682 sparos
960 1641 1131 1683 Hyspania,
1149 1642 1255 1684 planat
1271 1648 1302 1673 et
1316 1642 1418 1673 hastas

710 1695 838 1737 Anglia,
857 1707 931 1738 quas
947 1697 1098 1727 comitans
1116 1697 1223 1728 Dacha
1239 1698 1383 1740 bipennis
1399 1698 1471 1736 erit3

667 1751 799 1781 Romani
815 1763 896 1782 nova
911 1751 973 1793 pila
989 1759 1108 1794 parant⁷
1128 1753 1292 1784 Germania
1309 1754 1395 1785 cudit

709 1807 816 1844 Enses,
833 1807 865 1837 in
884 1807 988 1838 Persas
1007 1808 1106 1839 Gallia
1121 1820 1200 1851 gaesa
1216 1816 1320 1840 novat.

668 1863 750 1905 Ergo
767 1863 878 1893 ducem
895 1870 1026 1905 poscunt
1043 1870 1089 1894 tot
1105 1865 1215 1896 bellica
1231 1865 1320 1907 signa
1336 1865 1470 1904 fidelem,

711 1918 743 1949 Si
760 1919 852 1950 modo
868 1931 898 1950 50
915 1932 1002 1963 reges
1017 1920 1177 1962 pacificare
1194 1922 1302 1953 velint.

667 1975 758 2005 Plura
775 1975 847 2006 lieet
862 1976 986 2007 tardant
1004 1976 1200 2008 Ludovicum
1217 1978 1306 2017 bella,
1320 1979 1430 2019 juvare

711 2031 837 2061 Terram
854 2031 1035 2073 promissam
1052 2032 1151 2063 fervet
1166 2044 1269 2064 amore
1285 2034 1391 2065 crucis.

667 2090 692 2117 O
709 2087 850 2128 quotiens
866 2087 988 2129 captiva
1000 2088 1083 2129 jacet
1100 2089 1285 2120 Jerosolima
1300 2090 1400 2120 sacra!

712 2143 781 2173 Hiis
797 2143 918 2174 damnis
934 2144 1036 2186 aliqua
1052 2151 1122 2176 sunt
1138 2151 1242 2176 tamen
1258 2152 1323 2176 orta
1339 2146 1430 2177 bona.

667 2198 717 2229 Sic
731 2199 957 2241 crucesignatos
974 2200 1058 2231 Deus
1073 2200 1111 2231 ad
1127 2201 1259 2232 eoelestia
1276 2201 1371 2239 ducit,

711 2254 793 2293 Quos
808 2254 867 2285 hoc
882 2262 1007 2294 eventu,
1025 2268 1100 2298 quos
1116 2256 1229 2299 pietate
1245 2257 1350 2288 trahit.

666 2310 781 2340 Rerum
799 2310 917 2341 naturis
934 2322 1117 2353 cognoscere
1132 2323 1293 2354 possumus
1308 2312 1417 2350 undas,

708 2366 834 2396 Damno
850 2366 902 2397 sed
919 2367 1085 2409 augurium
1103 2367 1321 2410 sortilegasque
1338 2368 1429 2399 vices.
