2105 2871
558 431 606 466 66

892 443 1093 468 «IOHANNIS
1110 443 1163 468 DE
1184 442 1420 468 GARLANDIA

645 524 728 555 Dum
744 523 866 555 fluxum
884 526 1010 557 tardunt
1025 525 1077 556 ah'j
1093 525 1281 556 dominando
1296 525 1436 567 planetae,

689 579 819 611 Ordinat
835 580 980 612 effectum
997 581 1124 612 cuilibet
1139 581 1214 612 hora
1230 592 1292 612 sua.

646 635 707 666 Des
722 635 802 666 lunae
817 636 959 678 primam,
977 636 1030 666 des
1045 642 1197 674 octavam,
1215 636 1273 667 sibi
1289 636 1441 678 quintam,

689 691 751 721 Des
766 690 873 721 horam
890 691 1053 728 decimam,
1070 691 1140 722 talis
1155 698 1191 722 ut
1207 692 1282 722 ordo
1298 692 1387 734 petit.

646 745 729 777 Huic
747 746 859 788 vigena
875 746 1007 777 secunda
1023 746 1124 783 datur,
1141 746 1315 789 vigenaque
1331 759 1453 778 summo

691 801 795 832 Tertia
814 802 958 838 Saturno,
975 808 1083 843 quarta
1098 801 1138 832 sit
1153 801 1226 832 inde
1242 802 1343 833 Jovis.

648 857 729 888 Mars
742 857 831 888 horas
846 857 923 888 lucis
939 857 997 888 sibi
1014 857 1153 888 vindieat
1169 857 1242 888 inde
1258 858 1412 899 sequentis

691 913 808 944 Ordine
824 913 937 950 lunari,
955 913 1191 955 Mercuriusque
1207 924 1344 954 sequens.

649 968 732 1000 Ordo
748 969 942 1010 planetarum
959 968 1001 999 sic
1017 968 1112 999 scitur
1128 975 1158 999 et
1175 968 1250 999 ordo
1266 968 1395 1005 dierum,

692 1025 733 1055 Et
749 1036 840 1065 quem
857 1024 986 1066 quisque
1002 1024 1059 1055 sibi
1076 1024 1185 1066 quaerit
1200 1023 1314 1055 habere
1330 1024 1423 1055 diem.

650 1080 720 1110 Non
737 1091 818 1110 mare
835 1079 870 1110 fit
886 1080 1013 1122 plenum
1027 1091 1146 1122 semper
1162 1079 1321 1110 lunaribus
1337 1080 1430 1117 horis⁷

692 1134 775 1165 Dum
791 1134 894 1165 nautis
910 1135 1047 1165 titubans
1064 1135 1149 1176 itque
1165 1134 1306 1177 reditque
1324 1134 1440 1166 Thetis.

651 1190 806 1221 Rostratas
823 1189 902 1221 ferro
918 1190 1012 1221 sentit
1028 1190 1161 1232 Rupella
1177 1190 1289 1232 galeas,

693 1245 857 1288 Ruptaque
873 1257 944 1276 cum
960 1245 1064 1276 rostris
1079 1245 1144 1276 haec
1160 1257 1212 1276 sua
1229 1253 1326 1276 rostra
1343 1245 1435 1277 dolet.

649 1301 844 1343 Compatitur
859 1301 948 1332 terris
963 1313 1057 1340 mare,
1073 1307 1166 1331 strata
1182 1301 1331 1332 cadavera
1347 1301 1479 1343 cingunt

694 1356 820 1394 Dorida,
838 1356 912 1387 dum
929 1356 1036 1388 Clauci
1052 1364 1203 1399 purpurat
1219 1368 1271 1387 ora
1287 1368 1385 1388 cruor.

650 1412 792 1443 Devoriae
808 1411 924 1442 ratibus
940 1411 1071 1454 impulsa
1089 1411 1230 1449 Bolonia‚
1248 1411 1361 1443 damna

694 1468 768 1499 Fert
784 1474 814 1498 et
826 1467 902 1510 agit,
918 1467 1020 1498 rivmn
1037 1467 1126 1498 caedis
1141 1479 1233 1498 arena
1249 1468 1338 1500 bibit.

653 1523 747 1565 Hugo
764 1523 799 1554 fit
817 1524 954 1554 Francus
969 1523 1045 1554 dum
1061 1523 1170 1565 praesul
1182 1523 1305 1554 mobilis
1321 1524 1405 1555 urbis

698 1579 808 1610 Claves
824 1585 998 1621 praesentat,
1016 1591 1071 1609 rex
1090 1579 1259 1618 Ludovice‚
1274 1580 1341 1610 tibi.

656 1635 707 1665 Est
723 1646 824 1666 comcs
839 1635 994 1677 exemplo,
1011 1635 1090 1665 male
1106 1641 1237 1677 temptat
1254 1647 1386 1677 quaererc
1402 1636 1500 1678 plura,

697 1690 757 1729 Qui
774 1690 857 1732 quod
872 1690 967 1721 habet
982 1690 1094 1733 perdit,
1112 1690 1209 1721 faetus
1225 1690 1362 1728 inermis,
1379 1691 1477 1733 inops.

654 1746 725 1776 Non
741 1745 813 1787 quia
828 1745 1005 1787 perdiderat
1022 1745 1117 1787 Hugo
1133 1753 1245 1776 cuncta
1260 1757 1400 1777 reversus
1417 1747 1454 1777 ad
1473 1747 1572 1784 illum,

699 1801 758 1840 Qui
775 1801 844 1843 pius
859 1801 976 1832 urbana
992 1808 1097 1831 mente
1113 1801 1229 1843 recepit
1244 1813 1326 1832 cum.

659 1857 780 1888 Insidiae
797 1857 872 1899 quid
888 1863 982 1899 agant
998 1856 1187 1887 demonstrat
1204 1857 1312 1887 Blavia
1328 1857 1414 1891 silva,

699 1916 765 1951 Qua
781 1913 867 1943 strati
882 1912 1000 1954 pedites
1016 1912 1176 1943 occuluere
1193 1912 1266 1943 vias.

659 1968 811 2010 Anglicus
827 1967 878 1998 1110
893 1967 1016 2009 gladius
1031 1966 1149 1998 animas
1165 1974 1240 2009 quot
1256 1967 1379 1998 miserat
1396 1979 1478 2005 orco,

699 2023 835 2066 Corpora
852 2029 927 2065 quot
943 2022 1041 2060 terris,
1057 2034 1119 2053 non
1136 2023 1218 2065 capit
1235 2023 1291 2054 iste
1306 2023 1402 2054 stilus.

660 2078 747 2109 Heu!
763 2078 842 2109 heul
859 2090 913 2109 cur
929 2078 995 2108 nati
1012 2078 1143 2115 fuerant,
1161 2078 1259 2120 elegia
1275 2090 1406 2120 quorum

702 2134 755 2164 Est
772 2134 878 2164 mortis
894 2145 996 2164 carcer
1011 2140 1042 2165 ct
1058 2134 1208 2165 baratrale
1224 2134 1323 2165 chaos.

659 2190 728 2220 Non
745 2196 847 2220 tamen
863 2189 918 2220 hos
933 2190 1053 2220 baratro
1069 2190 1162 2221 stulte
1177 2190 1326 2231 dijudico,
1344 2202 1447 2221 causas

704 2245 736 2276 Si
748 2245 845 2286 justas
861 2245 1005 2283 habeant,
1019 2246 1140 2287 judicet
1155 2246 1219 2288 ipse
1237 2245 1331 2277 Deus.

661 2301 862 2343 Subsequitur
877 2301 1015 2332 vindicta
1032 2301 1102 2339 Dei,
1118 2301 1276 2332 subitanea
1292 2303 1396 2344 pestis,

704 2358 796 2388 Aurae
812 2357 910 2395 foetor,
927 2369 1012 2400 aquae
1028 2357 1119 2395 laesio,
1136 2357 1228 2388 febris
1242 2357 1345 2395 hians;
