2105 2871
903 443 1103 469 JOHANNIS
1121 443 1174 468 DE
1195 442 1431 468 GARLAXDLA

664 524 777 556 Deficit
792 525 932 557 humoris
947 526 1047 569 prima
1063 525 1232 556 substantia
1248 526 1334 563 luna,

707 581 786 611 Cum
802 581 882 612 bene
897 580 1126 624 flammigerum
1143 581 1236 612 sentit
1251 581 1353 612 adesse
1365 581 1467 622 jubar.

665 637 869 667 Hebdomada
885 644 994 679 quarta
1008 637 1149 667 modicus
1164 636 1266 667 fervor
1281 636 1368 679 viget
1383 637 1448 678 ipsa

709 693 744 723 In
760 693 844 730 luna,
861 704 954 735 quare
971 698 1132 723 contumel:
1147 692 1261 723 humor
1275 703 1373 734 aquae.

666 748 759 779 Hunc
775 749 819 779 sol
834 748 1028 779 hebdomada
1045 747 1118 778 facit
1134 747 1264 778 ebullire
1280 747 1424 784 secunda,

709 804 777 835 Hae
792 811 897 834 tamen
913 815 930 833 a
947 814 1036 833 causa
1052 802 1176 832 mobilis
1191 801 1306 833 humor
1321 802 1424 833 habet.

666 860 771 891 Efficit
786 859 846 890 hoo
861 859 964 890 fervor
979 858 1051 888 solis
1067 869 1159 900 quem
1176 857 1267 888 tertia
1282 870 1413 900 parvum

708 915 790 945 Dum
808 914 891 956 capit
905 913 1109 950 hebdomada,
1123 913 1262 944 subsidet
1276 913 1389 944 humor
1404 925 1500 955 aquae.

664 971 766 1002 Tertia
784 970 949 1002 concordat
964 969 1080 1012 primae,
1097 980 1240 1011 suprema
1255 969 1410 1006 secundae,

709 1027 749 1057 Et
764 1034 869 1057 tamen
885 1026 918 1056 iu
933 1026 1033 1068 prima
1049 1025 1201 1068 plurimus
1216 1025 1328 1056 humor
1345 1024 1411 1055 erit.

665 1084 733 1113 Hoc
750 1083 823 1113 facit¹
838 1082 1039 1113 hebdomadae
1055 1081 1218 1124 praemissae
1234 1081 1321 1123 copia
1338 1081 1426 1122 cujus

709 1139 831 1169 Humor
847 1138 950 1169 adhuc
965 1138 1066 1175 durat,
1084 1137 1160 1168 dum
1175 1149 1256 1168 nova
1273 1137 1348 1167 luna
1364 1136 1453 1167 redit.

666 1194 715 1225 Sic
731 1193 801 1224 fluit
818 1205 950 1225 oceanus
966 1193 1087 1224 diverso
1103 1199 1242 1235 tempore
1258 1193 1351 1229 lunae,

708 1250 802 1280 Plena
818 1249 919 1279 lunari
936 1248 1078 1291 lampade
1095 1249 1204 1291 plenus
1219 1248 1293 1285 erit3

663 1305 715 1336 Bis
731 1316 890 1347 quousque
906 1304 956 1335 die
971 1304 1073 1335 lunari
1089 1303 1202 1335 fluctus
1218 1304 1324 1335 obedit

706 1361 852 1403 Imperio,
869 1372 963 1391 naves
979 1372 995 1391 a
1012 1360 1145 1391 statione
1160 1371 1298 1392 movens.

666 1418 718 1448 Est
734 1423 837 1448 nautae
853 1417 942 1454 ratio,
959 1417 1084 1459 quando
1099 1417 1231 1447 libratur
1246 1416 1279 1447 in
1295 1417 1358 1447 alto

706 1473 844 1510 Cinthia‚
857 1473 923 1514 jam
938 1473 1050 1515 pelago
1065 1473 1157 1503 litora
1172 1473 1263 1515 plena
1278 1480 1410 1504 tument.

664 1529 777 1560 Visitat
794 1529 954 1571 antipodes
972 1529 1097 1566 Phoebe,
1114 1527 1280 1570 refluitque
1297 1527 1428 1570 fluitque

706 1585 833 1622 Pontus,
850 1591 881 1615 et
897 1584 1022 1615 alternis
1037 1584 1127 1615 litora
1143 1584 1236 1615 vestit
1251 1584 1345 1626 aquis.

662 1641 709 1672 Ut.
723 1648 833 1671 natura
845 1641 946 1682 jubet,
963 1640 1065 1671 vitant
1081 1639 1226 1670 animalia
1241 1647 1387 1675 mortem,

706 1697 747 1727 Et
763 1708 818 1739 pro
834 1707 921 1738 posse
933 1707 988 1726 suo
1004 1702 1115 1726 cuneta
1131 1695 1241 1726 nociva
1258 1695 1327 1726 sibi.

664 1752 695 1783 Si
712 1752 779 1794 quis
796 1752 873 1783 forte
890 1751 968 1782 mari
983 1751 1064 1794 perit
1079 1751 1241 1782 intestatus
1256 1763 1370 1788 amaro,

706 1807 879 1844 Infrunitus
895 1807 963 1843 erit,
974 1806 1138 1837 immemor
1153 1813 1224 1837 ante
1240 1806 1297 1837 sui.

663 1863 733 1893 Non
750 1863 809 1893 nisi
825 1863 980 1893 confessus
995 1862 1073 1893 velit
1089 1873 1247 1893 occursare
1262 1862 1404 1904 procellis

662 1960 670 1963 π
706 1919 888 1956 Praecautus,
905 1919 1004 1950 veluti
1019 1919 1059 1950 sit
1073 1918 1241 1949 moriturus
1255 1919 1309 1950 ibi.

663 1975 734 2005 Non
751 1975 816 2005 obit
832 1975 864 2005 in
880 1974 971 2012 lecto,
988 1974 1126 2005 medicus
1141 1985 1204 2005 non
1220 1974 1353 2005 consulit
1368 1974 1426 2011 illi,

706 2031 777 2061 Non
794 2031 918 2072 pulsum
934 2030 1050 2073 palpat,
1065 2042 1127 2060 non
1143 2030 1227 2061 labra
1243 2041 1328 2060 versa
1344 2036 1440 2061 notat.

663 2086 807 2128 Carpitur
823 2087 856 2116 iu
872 2086 1006 2128 scopulis
1022 2098 1142 2128 corpus,
1159 2086 1298 2128 pulsat-ur
1313 2086 1422 2121 arenis,

707 2142 785 2183 Styx
802 2142 937 2173 animam
954 2142 1066 2179 sorbet,
1083 2154 1175 2184 quam
1192 2142 1257 2173 sine
1272 2142 1335 2173 fine
1350 2149 1444 2173 tenet.

661 2198 797 2239 Torquet
816 2206 888 2239 styx
904 2198 1039 2229 animam
1055 2210 1147 2240 quam
1162 2209 1225 2229 non
1242 2197 1275 2228 in
1291 2209 1418 2240 corpore
1425 2198 1511 2239 juvit

705 2253 820 2291 Gratia,
838 2253 1006 2284 contritum
1024 2265 1085 2291 cor,
1103 2253 1269 2284 comitante
1284 2252 1355 2283 fide.

661 2307 731 2351 Ipse
746 2309 828 2351 perit
844 2308 991 2346 medicus,
1009 2308 1033 2339 si
1050 2308 1162 2339 fluctus
1178 2308 1311 2339 inebriat
1325 2308 1425 2345 illum,

704 2364 853 2406 sliquoris
868 2364 1060 2406 hydropisim
1077 2376 1140 2395 non
1156 2363 1311 2394 medicina
1327 2363 1425 2405 fugat.
