2105 2871
539 412 591 437 DE
611 408 835 435 TRIUMPHIS
854 404 1051 431 ECOLESLE
1071 402 1185 428 LIBRI
1205 401 1288 426 SEX.

410 496 524 527 Blauca
534 502 649 530 tamen,
668 491 748 534 regis
764 497 863 520 mater
873 487 1055 529 justissima,
1066 496 1172 528 pacem

454 550 555 582 Poscit
571 555 744 580 sanctarum
761 544 923 576 sedulitate
938 553 1075 585 precum.

412 607 506 639 Stella
522 616 630 648 parens
646 603 727 639 solis,
743 606 898 642 conoeptoe
915 599 977 629 filia
994 597 1098 640 prolis,

456 663 566 693 Pacem
583 661 621 691 de
636 658 720 690 coelis
735 657 869 694 mittere,
885 654 985 697 virgo,
1003 653 1090 684 velis.

412 720 499 750 Trux
516 717 646 749 Amalec
662 715 765 746 Josuae
781 712 881 743 doluit
897 710 1095 742 succumbere
1111 707 1221 750 palmis

458 773 576 805 Erectis
593 771 694 813 Moysi
709 769 917 813 praesidiisque
933 778 1076 810 preeum;

414 830 437 862 C
440 842 493 860 um
510 829 653 871 clangore
669 826 750 858 tubae
768 824 906 860 Gedmn,
924 822 1086 863 fractisque
1102 818 1231 862 lagenis,

458 884 553 915 Irruit
569 883 601 913 in
620 881 756 919 Madian,
774 879 990 922 inpuleratque
1008 877 1093 917 fugae.

415 941 471 972 Est
486 940 560 970 tuba
576 950 675 969 sermo
692 937 762 974 Dei,
779 946 949 978 corpusque
964 933 1075 975 lagena
1090 936 1231 973 paratum

460 995 622 1037 Martyrio,
639 993 753 1024 victrix
768 993 832 1023 lune
848 990 929 1034 gerit
944 1001 1027 1020 arma
1040 988 1126 1019 fides.

418 1052 498 1084 Belli
514 1051 679 1087 consultor,
693 1049 772 1090 juris
788 1048 948 1084 dissuasor,
964 1043 1076 1076 amoris

461 1108 578 1145 Hostis,
595 1107 628 1137 iu
644 1105 765 1137 occulto
780 1103 911 1135 seminat
927 1112 1017 1132 omne
1034 1099 1166 1134 malum3

419 1164 590 1206 Transfuga
606 1168 784 1206 permutans
800 1159 952 1195 dominos,
968 1157 1024 1187 hos
1040 1155 1119 1186 fallit
1135 1160 1166 1184 et
1181 1153 1260 1190 11105,

464 1220 517 1250 Est
534 1219 607 1261 quia
622 1230 693 1249 cum
708 1223 802 1247 vento
819 1214 941 1246 mobilis
957 1218 1061 1254 empta
1078 1210 1164 1241 fides.

422 1275 539 1306 Polluit
556 1274 680 1305 Allecto
696 1278 826 1308 mentes,
842 1270 1026 1312 linguasque
1042 1270 1177 1296 venenat

466 1330 491 1360 T
493 1329 674 1371 liesiphonQ
692 1327 785 1358 foedat
802 1334 887 1357 torva
905 1324 1038 1365 Megaera
1054 1332 1173 1352 manus.

422 1389 489 1419 Pax
505 1387 544 1417 (10
560 1385 723 1421 militibus,
739 1383 777 1414 de
793 1382 874 1413 clero
890 1380 997 1422 regula
1010 1378 1102 1420 juris,

466 1442 555 1474 Heu!
572 1441 608 1472 de
623 1440 713 1483 plebe
728 1438 804 1469 fides
819 1436 955 1468 clamitat
971 1441 1042 1466 ante
1059 1434 1170 1464 Deum.

429 1499 489 1530 Sed
505 1497 591 1540 quasi
607 1496 650 1527 sol
667 1495 767 1526 orions
783 1499 948 1524 nocturnas
956 1483 1083 1533 =effugat
1100 1489 1234 1525 umbras,

475 1554 525 1586 Sic
541 1565 623 1584 nova
638 1551 796 1582 tristitiam
811 1549 925 1592 gaudia
941 1559 1018 1590 saepe
1035 1546 1155 1589 sugant.

425 1611 480 1642 Est
495 1609 581 1652 quasi
596 1620 660 1639 nox
674 1606 806 1644 haeresis,
823 1606 926 1642 fastus⁷
944 1604 1064 1640 Venus,
1082 1601 1225 1637 ambitus,
1243 1599 1302 1636 ira;

471 1665 493 1697 J
496 1672 581 1696 ustus
596 1663 743 1706 purgabit
758 1662 803 1693 sol
818 1668 922 1692 tamen
939 1660 997 1690 ista
1018 1658 1107 1689 mala.

426 1724 552 1754 Naturae
566 1719 786 1764 leges‘haeresis
801 1717 947 1761 praedieta
963 1716 1117 1752 molestat,

473 1779 533 1811 Sed
548 1784 721 1809 monstrum
738 1775 895 1818 perimunt
912 1772 1038 1805 canonis
1054 1782 1137 1802 arma
1155 1769 1240 1801 sacri.

430 1835 499 1866 Hiis
515 1833 614 1871 tactis,
631 1833 758 1864 advorsa
773 1831 892 1872 loquar,
909 1828 1095 1869 miserosque
1116 1825 1268 1856 tumultus

475 1892 558 1930 Quos
574 1890 632 1921 fert
647 1888 774 1920 ecclesia
790 1885 1029 1929 suppeditatque
1045 1888 1162 1925 potens.

431 1948 563 1988 Europae
578 1956 691 1988 paucos
707 1942 825 1985 equites
840 1940 911 1972 ferit
927 1939 1048 1970 Affriea
1063 1945 1138 1976 tota,

476 2001 636 2033 Barbaries
652 2000 735 2031 Asiae
753 1998 844 2029 latius
859 2002 950 2038 urget
965 2007 1026 2026 eos,

436 2058 567 2100 Signum
584 2054 779 2097 contempnit
796 2052 942 2084 Anacleti
958 2050 1062 2082 nobile
1078 2061 1174 2093 papae,

477 2114 546 2152 Quo
560 2112 644 2155 prius
660 2111 693 2142 in
708 2111 789 2142 clero
805 2108 915 2140 clerica
931 2114 1017 2138 tonsa
1034 2106 1103 2137 fuit.

433 2169 537 2212 Virgo
553 2168 606 2200 sed
621 2167 748 2199 eeclesia
764 2164 885 2208 pugillo
901 2163 1000 2206 surgit
1015 2162 1048 2192 in
1063 2161 1175 2199 hostes,

480 2225 611 2256 Eminus
626 2224 682 2255 hos
698 2229 802 2260 terret,
820 2221 960 2253 eominus
977 2231 1047 2250 ense
1063 2218 1183 2255 domat3

438 2282 551 2313 Gentes
567 2286 710 2312 externas
726 2285 757 2310 et
772 2278 852 2309 bella
868 2275 1035 2308 domestica
1051 2273 1177 2305 tandem

480 2337 606 2374 Vincet,
623 2342 653 2367 et
669 2335 803 2377 attinget
818 2333 908 2364 litora
925 2331 1036 2374 cymba
1054 2330 1146 2361 Petri.

1466 389 1514 422 13
