2105 2871
554 407 604 431 DE
623 407 844 432 TRIUMPHIS
864 407 1058 432 ECCLESIAE
1078 408 1190 432 LIBRI
1209 408 1311 432 OCTO.

432 487 486 518 Est
501 488 577 519 alius
593 500 694 519 carcer
709 489 786 519 liber
801 489 854 530 qui
870 490 998 520 crimina
1013 496 1135 531 purgat,

475 544 547 582 Quae
562 556 624 574 non
640 543 773 586 perfecte
789 544 881 574 diluit*
896 545 969 575 exul
984 544 1087 575 homo.

431 599 545 640 Spretis
561 599 688 630 terrenis
703 600 802 637 rebus,
821 600 991 642 spretisque
1007 601 1139 638 caducis,

472 654 544 685 Haec
560 655 629 685 data
645 662 716 686 sunt
732 656 831 698 pugili
848 656 928 687 dona
945 657 1033 688 beata
1048 657 1156 699 prob0‚

429 709 549 740 AEterni
568 711 670 741 trabea
686 711 784 753 regni,
802 712 934 753 vitaeque
952 724 1074 750 corona,

474 764 514 795 Et
529 765 612 807 pacis
628 766 739 807 palma,
758 767 930 809 laetitiaeque
947 767 1032 798 stola.

432 820 582 862 Principis
597 821 726 853 astriferi
743 830 895 865 sceptrum
912 835 989 854 crux
1005 823 1115 854 florida
1131 823 1263 854 fructum

478 876 578 907 Solvit
593 877 646 916 eis,
663 889 793 919 quorum
811 877 918 908 floruit
933 886 1004 909 ante
1021 878 1104 909 fides.

432 932 485 963 Est
502 933 555 963 ubi
565 932 693 973 justitiae
709 933 752 964 sol
770 933 920 971 Christus,
937 934 1051 976 gaudia
1067 946 1139 965 vera

472 988 574 1019 AEstas
589 989 747 1019 continuat
763 989 930 1031 spiritualis
946 989 999 1020 ibi.

430 1044 567 1074 Tandem
585 1044 748 1087 fulgebunt
765 1053 938 1076 sanctorum
957 1057 1083 1087 corpora
1099 1057 1180 1079 sana,

473 1100 589 1137 Fortia,
607 1100 748 1136 formosa,
766 1099 872 1136 libera,
889 1099 968 1136 laeta,
985 1100 1056 1130 cita.

431 1155 492 1185 Dos
508 1155 615 1185 animae
632 1156 753 1186 dabitur
769 1156 942 1192 eoncordia,
959 1156 1049 1198 plena
1065 1162 1208 1198 potestas,

474 1210 663 1246 Intellectus,
680 1222 775 1248 amor,
792 1223 864 1253 pax,
882 1218 912 1242 et
928 1211 1052 1242 honoris
1068 1223 1157 1254 apex,

433 1266 520 1296 Visio
536 1266 603 1297 laeta
619 1266 677 1296 Dei
694 1278 785 1308 quem
802 1267 897 1308 pascit
915 1274 1018 1298 nectar
1033 1268 1144 1298 amoris

476 1322 589 1359 lubuit,
606 1322 657 1352 hic
672 1334 834 1364 sompnum
851 1323 948 1353 nascit
964 1335 1082 1354 amoena
1098 1323 1191 1365 quies.

434 1378 568 1420 insopita
584 1379 678 1409 micat
693 1379 761 1409 coeli
778 1379 844 1416 lux,
861 1379 937 1410 atria
953 1391 1071 1421 semper

474 1434 624 1471 Vernant,
642 1434 674 1464 in
690 1434 831 1465 thalamis
847 1435 946 1465 omnis
962 1435 1098 1466 abundat
1114 1435 1221 1465 honor.

433 1490 548 1532 Sponsa
565 1490 630 1520 Deo
647 1490 747 1527 nubit,
764 1490 816 1521 sed
832 1491 869 1521 ad
886 1491 949 1521 haee
965 1491 1116 1522 connubia
1133 1491 1234 1521 nullus

475 1545 611 1576 Lascivit
627 1546 716 1582 saltu,
734 1546 882 1587 tegmine,
900 1558 984 1583 voce,
1001 1559 1103 1577 manu.

431 1601 492 1632 Hic
507 1607 579 1632 sunt
594 1608 740 1632 matronae
755 1608 853 1639 castae,
870 1609 1033 1644 nuptaeque
1049 1602 1164 1639 fideles,

475 1657 642 1688 Prudentes
657 1657 768 1694 viduae,
785 1658 979 1700 virgineique
995 1659 1090 1689 chori.

432 1713 583 1744 Emeritos
598 1720 683 1744 tenet
697 1713 771 1744 ordo
788 1726 884 1749 senes,
899 1722 1060 1757 gratantur
1076 1714 1187 1757 ephebi

474 1768 580 1799 Carnis
596 1769 738 1806 victores,
758 1769 994 1812 glorificantque
1012 1770 1122 1801 Deum.

432 1825 489 1855 Pro
506 1824 581 1855 coelo
597 1831 715 1856 certans
731 1826 841 1856 coelum
857 1838 912 1868 pro
928 1838 1054 1857 munere
1070 1826 1174 1861 sumit,

473 1880 676 1922 Coelestesque
692 1881 782 1923 lyraS,
799 1882 1034 1924 angelicumque
1050 1882 1153 1912 melos.

431 1935 585 1966 Convivas
600 1936 697 1968 reficit
712 1937 851 1969 redolens
867 1950 933 1968 rosa
949 1938 1062 1976 coelica,
1080 1937 1185 1969 florem

474 1990 545 2021 Flos
560 1992 689 2033 pariens,
706 1992 798 2023 solem
816 1993 912 2030 stella,
931 1993 1027 2023 Maria
1044 1993 1154 2023 Deum.

415 2089 640 2122 ΗΞΠΛΙΚΙΤ
657 2102 664 2108 ·
680 2092 812 2122 AIBeP
829 2104 834 2108 ·
852 2093 912 2123 ΔΗ
932 2103 938 2110 ·
954 2093 1167 2123 TPIVMCDIC
1186 2104 1192 2110 ·
1211 2093 1456 2126 HKKAeCIH.

1458 396 1530 430 143
