2105 2871
531 426 583 451 DE
603 425 828 451 TRIUMPHIS
848 423 1046 449 ECGLESIAE
1065 422 1179 447 LIBRI
1198 421 1303 447 OCTO.

411 510 449 541 In
464 508 604 540 fraudem
620 507 712 550 proni
728 506 820 537 multi
836 505 929 536 modo
944 511 1016 535 sunt
1033 504 1201 541 Ganaloni;

455 565 515 604 Qui
531 564 624 595 fallax
640 563 744 601 fuerit,
762 562 813 593 hic
835 561 1012 593 Ganalonus
1028 560 1097 591 erit.

411 621 473 652 Hic
489 620 651 651 bellatores
667 618 720 649 dat
735 617 843 648 fraude
859 616 929 647 neci
945 615 1096 652 meliores,

453 676 604 718 Tempore
621 686 712 717 quam
730 674 826 704 timeo
841 684 929 715 posse
945 683 1056 702 nocere
1072 683 1150 702 meo.

411 733 486 772 Quis
501 731 594 763 modo
610 737 731 762 tutatur
746 727 881 772 papam?
896 728 965 770 quis
980 727 1019 758 ad
1035 739 1119 758 arina
1135 725 1282 770 paratur?

454 789 529 828 Quis
544 788 633 830 fugat
648 787 805 823 excubias,
822 791 1012 826 evacuatque
1028 782 1114 814 vias?

410 844 523 876 Ventri
539 843 690 875 succurrit
706 843 803 879 dives,
820 843 900 872 bona
916 839 1040 882 quando
1056 839 1180 881 ligurrit

390 944 403 945 ἶ
453 900 555 932 Fortis
570 900 723 931 sincerum
741 898 830 929 dulce
846 896 981 928 bibendo
997 907 1129 932 merum,

409 957 560 988 Causatur
576 956 685 993 clerus,
702 955 813 986 sciolus
829 960 990 996 reputatur
1007 951 1172 988 Homerus,

452 1013 606 1044 Nummos
623 1012 698 1042 dum
715 1011 834 1053 quaerit,
851 1021 907 1052 pro
924 1008 1036 1051 quibus
1052 1019 1135 1038 arma
1152 1006 1243 1049 gerit.

410 1069 500 1100 Tales
516 1069 590 1099 dum
607 1067 776 1099 comedunt
792 1066 894 1102 avide,
911 1063 1105 1096 stomachum
1122 1063 1180 1094 sibi
1197 1062 1313 1093 laedunt

453 1125 592 1156 Plurima
608 1136 675 1166 quae
691 1123 802 1154 sitiunt
817 1132 942 1152 noscere
958 1120 1031 1150 vina
1047 1119 1158 1150 sciunt.

410 1181 457 1212 De
473 1181 604 1224 propriis
620 1179 712 1210 matri
728 1178 909 1215 succurrite,
926 1175 1049 1219 propria
1066 1175 1146 1217 patri

455 1236 585 1273 Solvite,
602 1247 658 1266 cur
674 1234 818 1265 dominus
833 1233 963 1275 languet
978 1231 1121 1262 habendo
1138 1228 1262 1260 minus?

410 1293 525 1324 Contra
541 1290 750 1322 schismaticos
766 1289 840 1320 fidei
855 1300 933 1319 crux
949 1294 1047 1318 armet
1063 1286 1188 1321 amicos,

454 1348 567 1379 Verbis
582 1346 730 1383 altisonis,
747 1345 941 1386 ecclesiaeque
957 1343 1054 1374 bonis.

410 1405 464 1436 Ad
480 1404 574 1447 patris
590 1404 707 1434 femora
722 1401 802 1432 male
820 1401 918 1432 Cham
935 1412 989 1430 sua
1001 1399 1134 1430 solverat
1151 1409 1217 1435 ora,

454 1461 517 1492 Cur
532 1467 567 1490 tu
584 1459 703 1490 derides
719 1469 785 1500 quae
797 1457 874 1487 benc
891 1464 977 1498 gesta
992 1453 1101 1485 vides?

411 1516 480 1547 Rex
496 1527 559 1546 non
576 1515 743 1557 degenerat
762 1512 951 1545 Ludovicus,
967 1511 990 1541 si
1008 1511 1086 1541 bene
1103 1516 1218 1551 quaerat

456 1571 540 1610 Quis,
558 1570 677 1613 gladios
692 1569 786 1605 acuit,
804 1568 897 1598 robur
913 1567 946 1597 in
963 1578 1046 1596 arma
1062 1565 1161 1595 struit.

411 1628 467 1659 Est
482 1639 568 1670 papae
584 1638 656 1657 cura
674 1624 790 1656 Christi
806 1622 971 1654 defendere
985 1622 1065 1662 jura,

455 1684 529 1723 Quae
544 1684 597 1714 lex
612 1688 716 1713 sancta
731 1687 848 1716 movet,
865 1679 951 1709 curia
963 1679 1046 1719 justa
1064 1678 1158 1707 fovet.

412 1740 517 1771 Patres
532 1738 665 1770 ecclesiae
680 1736 814 1767 tendunt
830 1735 862 1765 111
879 1734 955 1765 calle
971 1732 1101 1775 sophiae;

455 1795 527 1826 Non
543 1806 641 1825 errare
657 1800 776 1835 queunt
792 1791 867 1822 dum
883 1790 1036 1832 sapienter
1052 1796 1137 1819 eunt.

413 1852 511 1883 Caesar
526 1862 650 1892 magne,
667 1847 770 1891 papael
786 1847 862 1889 quid
878 1845 964 1888 agis?
982 1845 1094 1876 dentur
1110 1855 1163 1874 sua
1180 1854 1281 1885 papae;

457 1908 504 1939 Tu
520 1906 630 1938 cohibe
647 1905 737 1941 vires,
755 1903 809 1946 qui
824 1902 978 1945 probitate
996 1901 1085 1930 vires.

415 1964 509 1995 Parce
524 1970 634 2006 potens
650 1961 737 1998 offilo,
754 1960 856 2001 dispar
872 1967 925 1988 tua
941 1957 1040 1999 gloria
1058 1956 1149 1991 Belo;

459 2018 526 2049 Stat
541 2029 596 2060 pro
612 2015 816 2052 Christicolis,
832 2014 916 2045 idola
932 2012 1017 2043 nulla
1033 2011 1118 2042 colis.

416 2074 463 2106 Sit
481 2072 678 2104 Constantini
693 2071 751 2102 tibi
767 2071 832 2101 vita
848 2067 1034 2112 praeambula
1050 2066 1121 2103 fini;

458 2130 534 2170 Ejus
549 2135 652 2160 sancta
667 2127 744 2158 fides
760 2126 856 2163 fulsit,
874 2132 908 2155 ut
924 2124 989 2166 ipse
1005 2122 1101 2158 vides,

414 2184 569 2215 Fulminis
584 2183 658 2226 igne
673 2182 764 2225 perit,
782 2181 857 2212 dum
873 2180 985 2211 eoelum
1002 2177 1146 2209 scandere
1163 2176 1281 2218 quaerit,

458 2240 561 2270 Atrox
577 2239 770 2270 centimanus
786 2237 1032 2279 bellipotensque
1048 2245 1166 2265 manus.

414 2296 462 2327 Da
478 2295 617 2326 stabilem
634 2306 751 2337 pacem,
769 2294 867 2331 Deus;
885 2304 987 2323 ensem
1005 2291 1078 2322 tolle
1094 2290 1260 2326 minacem,

458 2352 579 2393 Regnet
595 2357 629 2380 ut
645 2350 780 2392 ingenua
797 2360 875 2379 crux
892 2355 954 2383 tua,
971 2347 1084 2387 lexque
1100 2351 1163 2375 tua.

897 2413 915 2433 x
933 2405 950 2432 2

1468 411 1515 445 91
