2105 2871
282 1454 314 1472 1ἔο

247 2007 307 2028 ὶὶςγ

529 420 580 445 DE
600 419 824 444 TRIUMPHIS
844 418 1040 443 ECCLESIAE
1060 417 1173 442 LIBRI
1193 418 1274 442 SEX.

399 503 471 541 Quae
486 502 617 544 vulgant
632 501 727 543 aliqui
742 501 848 538 recito,
865 511 927 530 non
943 511 1056 537 assero3
1073 511 1164 530 nemo

440 558 535 588 Dives
550 557 600 588 vel
615 568 731 599 pauper
746 556 867 587 laeditur
883 568 934 587 ore
950 568 1027 586 meo.

400 614 431 645 Si
448 619 548 644 servat
564 613 655 644 civile
671 612 771 643 forum
790 611 972 642 Fredericus
988 611 1021 641 in
1038 611 1096 642 isto

442 669 521 699 Laus
537 668 665 699 debetur
681 667 718 705 ei,
733 667 921 709 justitiaeque
936 673 1033 698 tenor.

398 724 467 755 Hoc
482 724 507 754 si
523 723 694 755 Jerusalem
710 729 805 765 captae
821 722 965 765 suffragia
982 723 1083 759 ferret,

443 779 548 810 Latius
563 779 727 821 imperium
744 779 845 820 palma
860 778 985 809 referret
1001 778 1037 809 ei.

400 835 449 865 Illi
464 835 516 866 sed
533 834 679 865 decrescit
694 833 792 864 honor
808 833 882 864 dum
898 834 1003 864 matris
1015 833 1163 864 honorem

440 890 581 921 Ecclesiae
597 889 720 927 minuit,
737 889 987 932 persequiturque
1003 895 1130 931 patrem.

378 934 555 977 fpromiffit
570 957 625 988 pro
640 957 714 988 pace
730 946 809 976 bona
821 957 851 975 se
863 944 989 976 reddere
1006 944 1081 975 fines

439 1002 620 1040 Jerusalem,
636 1008 736 1044 patres
751 1013 825 1043 quos
841 1007 966 1031 tenuere
982 1000 1073 1042 prius.

398 1058 465 1089 Rex
480 1057 637 1088 homicida
654 1057 756 1088 David
772 1057 881 1094 fuerat,
899 1056 1004 1094 fallax,
1022 1062 1052 1087 et
1068 1055 1199 1092 adulter,

442 1113 502 1144 Sed
518 1113 614 1155 pictas
630 1112 717 1144 flenti
729 1124 849 1143 sumnia
863 1112 1001 1154 pepercit
1013 1112 1051 1142 ei.

398 1170 542 1200 Fortunae
558 1180 645 1199 causa
661 1169 774 1199 titubat
790 1168 865 1199 dum
881 1168 1008 1198 funebre
1025 1167 1152 1204 bellum,

443 1226 481 1256 Sc
497 1237 566 1256 cum
585 1225 674 1267 plebe
690 1224 783 1254 duces
799 1235 861 1254 non
877 1223 1010 1254 titubare
1026 1223 1144 1254 vident.

399 1280 425 1312 O
442 1292 527 1322 reges
538 1280 626 1321 justi,
643 1291 735 1322 quare
751 1291 863 1310 vexare
879 1279 1012 1310 minores

441 1335 621 1378 Temptatis,
638 1335 725 1366 vobis
740 1335 853 1366 suffieit
868 1335 987 1377 amplus
1002 1334 1110 1365 honor.

398 1392 467 1422 Rex
482 1391 521 1422 ad
536 1392 615 1422 bella
631 1398 729 1434 strcpe
745 1391 846 1421 minus
860 1391 1005 1432 Anglicc,
1023 1402 1178 1432 vernaque
1194 1397 1292 1432 strepe

421 1447 489 1490 &Sis
506 1447 617 1478 Franci
633 1447 723 1489 regis,
740 1447 793 1488 qui
808 1447 887 1477 bene
902 1458 997 1488 regna
1012 1446 1102 1487 regis.

400 1503 432 1535 Si
448 1510 541 1534 terras
556 1503 660 1545 gladio
675 1509 770 1540 tenet,
787 1508 817 1532 et
832 1513 886 1543 pro
902 1512 988 1543 posse
1004 1501 1121 1532 tenebit

441 1559 570 1590 Francia
585 1564 796 1600 conquestum,
813 1569 924 1599 magne
942 1556 1093 1599 Philippe,
1111 1563 1208 1588 tuum.

398 1614 477 1645 Sunt
493 1613 554 1644 duo
570 1613 677 1644 sacrati
693 1624 790 1654 reges,
807 1619 852 1643 est
869 1612 1004 1644 Gallicus
1020 1624 1110 1650 unus,

440 1669 592 1711 Anglicus
607 1674 651 1699 est
666 1668 753 1705 alter,
771 1667 850 1698 vivit
866 1674 994 1709 uterque
1010 1674 1132 1710 poten33

399 1726 520 1757 Tertius
536 1725 668 1756 ecclesiae
683 1735 772 1755 sacrae
788 1723 911 1754 deberet
926 1724 1039 1761 adesse,

442 1782 510 1820 Quo
526 1792 607 1813 sacra
624 1780 795 1812 Jerusalem
812 1791 865 1822 per
881 1779 943 1810 fera
958 1780 1038 1810 bella
1053 1787 1143 1810 caret.

400 1837 523 1879 Legifer
538 1836 617 1867 hanc
634 1836 755 1878 Moyses
769 1835 870 1877 petiit,
886 1835 1086 1877 tribubusque
1102 1835 1254 1866 subactam

442 1893 574 1923 Bissenis
590 1892 685 1924 Josue
701 1890 887 1922 distribuisse
903 1890 1002 1921 datur.

400 1948 485 1980 Crux
501 1948 618 1990 aliquos
633 1947 729 1989 poscit
747 1945 880 1988 Zephyri
896 1945 934 1976 de
950 1951 1035 1987 parte
1050 1952 1199 1987 potenteS.

402 2046 426 2049 ἱ
443 2004 580 2043 Quorum
596 2003 657 2034 sint
672 2002 767 2045 signis
782 2001 877 2032 libera
891 2012 986 2042 regna
1002 1999 1122 2031 Bethel.

402 2060 538 2102 Occupat
553 2059 617 2090 haec
632 2059 720 2090 arbor
735 2057 885 2089 mundun]
903 2068 993 2099 quam
1012 2056 1171 2088 Neustrica
1186 2057 1265 2088 vidit

443 2115 480 2146 In
496 2126 623 2157 sompno
639 2114 763 2145 domina
779 2125 809 2144 se
824 2112 974 2155 peperisse
991 2123 1053 2142 suo.

402 2171 498 2202 Filius
512 2171 604 2212 hujus
620 2176 684 2201 erat
701 2169 883 2201 Guillelnius
899 2168 996 2199 clarus
1011 2168 1043 2198 in
1059 2167 1160 2203 armis,

445 2227 518 2258 Dux
534 2226 587 2269 qui
603 2226 743 2257 submisit
760 2224 894 2266 Anglica
909 2236 1002 2266 regna
1019 2223 1092 2261 sibi,

403 2282 561 2325 Supplicat
575 2281 648 2312 huic
664 2281 751 2324 stirpi
769 2281 883 2318 Gallus,
902 2280 1069 2318 Romanus,
1087 2279 1263 2320 Hybernus,

444 2338 607 2380 Anglicus,
624 2343 654 2368 et
672 2336 786 2375 Saxon,
805 2336 924 2367 Graecus
940 2335 978 2366 ad
994 2347 1077 2366 arma
1093 2342 1209 2377 potens.

1514 2052 1531 2079 (J
1545 2052 1579 2074 De
1591 2053 1661 2081 stirpe
1673 2059 1754 2081 regum
