2105 2871
565 381 614 415 38

889 389 1090 415 JOHANNIS
1108 389 1161 414 DE
1183 389 1420 414 GARLANDIA

656 472 783 502 Factam
801 471 924 502 Martha
941 483 1063 503 crucem
1081 471 1119 503 de
1134 472 1222 514 ligno
1238 478 1343 503 sancta
1359 472 1485 503 draconi

699 528 786 559 Saevo
802 528 997 566 monstravit,
1014 528 1069 570 qui
1084 528 1170 570 quasi
1186 528 1285 559 stabat
1301 528 1381 565 ovis3

656 583 767 624 Injecit
783 583 862 614 collo
877 583 991 625 pavido
1008 595 1061 614 sua
1076 584 1213 627 cingula,
1230 584 1355 615 tradens

700 639 793 670 Hunc
809 639 935 681 populo,
952 640 1040 680 cujus
1055 639 1140 670 hunc
1155 651 1286 671 necuere
1302 651 1421 671 manus.

657 695 794 726 Peccatis
808 695 901 726 hodie
917 695 1026 737 populi
1041 695 1177 737 clerique
1193 695 1370 738 ducumque

702 749 783 780 Raro
799 749 970 780 scintillant
985 742 1067 779 mira'
1079 761 1204 780 corusca
1221 750 1290 780 Dei.

658 805 756 847 Regia
773 805 818 836 vis
834 805 926 836 hodie
942 811 1043 847 patres
1058 812 1170 847 patrat,
1186 812 1217 835 at
1234 805 1318 836 Deus
1335 806 1409 836 olim

701 860 823 891 Mirraeo
840 860 965 891 dederat
982 867 1023 897 te,
1042 860 1205 898 Nicholae,
1221 861 1321 903 gregi.

660 916 790 947 Sanctus
808 915 987 946 Honoratus
1002 922 1198 958 praestructus
1213 923 1380 958 pneumate
1395 924 1512 953 sancto,

701 971 726 1002 F
729 978 814 1002 actus
830 971 867 1002 de
882 971 961 1002 laico
977 971 1118 1014 simplice
1132 971 1242 1014 praesul
1258 978 1332 1002 erat.

661 1027 791 1058 Sanctus
808 1027 990 1065 Germanus,
1007 1027 1077 1069 pius
1093 1034 1123 1058 et
1142 1027 1260 1069 Lupus,
1278 1027 1414 1070 Anglica
1429 1039 1523 1070 regna

703 1082 785 1113 Olim
802 1082 978 1125 purgabant
994 1094 1011 1113 a
1027 1082 1144 1114 satione
1160 1083 1249 1114 mala.

658 1138 737 1170 Cum
755 1138 989 1181 quadringentis
1005 1146 1079 1169 tunc
1095 1138 1322 1181 quinquaginta
1337 1139 1452 1181 peracti

704 1195 783 1226 Sunt
799 1194 884 1232 anni,
901 1194 1022 1237 peperit
1038 1202 1073 1226 ut
1089 1206 1172 1226 sacra
1188 1195 1277 1237 virgo
1294 1195 1408 1226 Deum.

660 1251 748 1281 Tunc
765 1251 991 1293 Vortigernum
1008 1250 1067 1281 saex
1085 1250 1251 1293 Pelagiana
1266 1257 1434 1292 tyrannum

702 1306 825 1344 Infecit,
842 1306 946 1337 faecem
962 1306 1049 1337 tersit
1064 1318 1184 1337 amoena
1200 1305 1284 1337 fides.

666 1362 740 1401 Quae
756 1370 831 1392 tunc
846 1362 1019 1393 vaticinans
1035 1362 1117 1392 dixit
1135 1362 1286 1393 Merlinus
1301 1362 1424 1399 omitto,

705 1417 753 1448 Ne
769 1417 877 1448 seriem
895 1424 1042 1460 rumpant
1057 1418 1312 1460 propositumque
1328 1429 1442 1448 meum.

663 1473 767 1505 Gildas
782 1473 946 1504 historicus
962 1474 1111 1505 miracuia
1126 1474 1260 1516 plurima
1275 1473 1404 1515 scripsit,

705 1534 779 1568 Quae
795 1537 871 1560 tunc
886 1541 941 1572 per
956 1537 1076 1561 sanctos
1092 1529 1171 1560 facta
1184 1530 1268 1560 fuere
1284 1529 1370 1560 duos.

662 1585 787 1616 Electus
803 1586 862 1617 suit
879 1586 1002 1629 Eligius
1017 1593 1214 1628 praestructus
1230 1586 1263 1616 in
1279 1592 1344 1617 arte

706 1641 834 1679 Fabrili,
851 1642 939 1682 cujus
954 1642 1089 1684 plurima
1104 1641 1182 1672 inira
1198 1648 1315 1684 patent.

663 1697 840 1728 Constantis
855 1696 930 1727 fidei
945 1697 1036 1727 datur
1051 1697 1237 1739 exemplaris
1253 1697 1358 1739 imago

705 1753 827 1795 Eligius
843 1760 975 1790 sanctus,
992 1752 1087 1783 mirus
1102 1752 1135 1783 in
1151 1759 1215 1783 arte
1230 1752 1318 1783 fabri.

664 1809 800 1840 Clotario
816 1809 883 1852 regi
898 1809 1003 1840 sellam
1021 1820 1204 1850 componere
1215 1809 1328 1850 jussuS,

708 1865 757 1896 Ex
773 1877 847 1896 auro
864 1865 991 1896 fabricat
1008 1865 1209 1907 praeradiante
1226 1865 1309 1895 duas.

663 1922 722 1953 Pro
739 1921 838 1964 pretio
853 1921 1011 1964 geminam
1028 1921 1130 1952 sedem
1147 1920 1306 1963 componit
1321 1920 1440 1957 eodem,

705 1978 838 2008 Furtum
855 1977 938 2019 quod
954 1976 1051 2019 sapiat
1067 1976 1112 2007 nil
1127 1976 1259 2007 retinere
1274 1976 1390 2006 volens.

664 2034 781 2065 Discite
798 2034 919 2065 fallaces
934 2045 1044 2064 aurum
1062 2032 1239 2074 quicunque
1255 2031 1357 2068 sititis,

707 2090 827 2120 Exuret
842 2097 975 2120 vestram
992 2099 1070 2119 saeva
1087 2087 1230 2130 gehenna
1245 2086 1338 2117 sitim.

666 2145 753 2176 Urbe
769 2144 976 2187 triumphavit
992 2143 1061 2174 coeli
1077 2148 1146 2185 post
1160 2142 1262 2185 praelia
1278 2142 1388 2173 mundi

707 2201 857 2238 Christus,
874 2207 910 2231 ut
925 2200 990 2231 haec
1007 2199 1129 2231 Christo
1146 2198 1272 2241 praeside
1288 2210 1384 2229 saevus
1400 2206 1479 2240 agat.

667 2256 796 2288 Sanctus
814 2256 994 2287 Dunstanus
1012 2255 1154 2286 Sathanae
1169 2266 1241 2285 cum
1257 2253 1373 2296 forcipe
1389 2265 1498 2285 nasum

712 2312 836 2350 Pressit,
853 2320 883 2343 et
899 2323 916 2342 a
932 2312 1047 2343 fabrica
1058 2311 1150 2353 jussit
1165 2311 1249 2342 abire
1264 2322 1327 2342 sua.
