2105 2871
594 391 666 425 118
927 402 1126 427 JOHANNIS
1143 403 1196 428 m:
1217 402 1452 428 GARLANDIA

682 483 866 526 Compositis
882 484 979 526 igitur
994 485 1155 515 amborum
1172 485 1301 523 vicibus2
1317 497 1424 516 omnes

725 539 844 570 Cedent
861 539 1056 578 Tharsenses,
1073 540 1246 582 Assiriique
1262 540 1364 578 duces,

683 595 754 633 Qui,
771 595 830 626 nisi
845 602 993 637 perpetuo
1009 596 1202 638 conjungant
1217 595 1330 627 foedere
1346 596 1479 633 dextras,

728 650 851 693 Pugnas
866 658 1028 693 perpetuas
1043 651 1163 682 dissona
1179 663 1275 693 regna
1289 660 1407 693 gerent.

683 706 754 736 Non
770 718 868 737 annus
882 717 1012 748 praesens
1026 706 1093 737 haec
1108 706 1213 748 praelia
1228 705 1326 744 finiet,
1343 707 1439 739 immo

727 760 846 791 Sentiet
861 760 925 791 haec
939 768 1010 791 aetas
1025 766 1143 802 postera
1160 761 1241 791 caede
1255 773 1347 792 nova.

683 815 765 846 Mars
781 816 842 846 duo
857 827 952 858 regna
968 815 1050 846 ferus
1065 815 1262 858 depauperat,
1280 817 1369 847 exuit
1384 818 1474 848 urbes

724 871 810 908 AEre,
826 871 909 902 viros
924 871 1000 907 vita,
1013 871 1123 913 jugera
1140 882 1236 902 messe
1252 883 1314 902 sua.

684 927 715 958 Si
732 927 885 969 propriam
901 934 1028 969 gentem
1043 939 1100 958 rex
1115 928 1221 970 diligit
1237 928 1402 970 Anglicus,
1420 941 1494 972 ergo

726 983 852 1013 Dilectae
867 983 969 1025 gentis
984 983 1092 1014 robore
1107 990 1193 1014 tutus
1209 984 1278 1015 erit.

666 1028 672 1029 ἶ
683 1038 816 1069 Gallicus
831 1039 864 1069 in
880 1039 1025 1070 comitem
1043 1039 1182 1070 Tholosae
1198 1040 1289 1071 fortia
1304 1040 1403 1070 mittit

724 1094 874 1136 Agmina,
891 1094 1053 1125 conflictus
1069 1095 1176 1126 densat
1191 1095 1347 1138 utrimque
1362 1107 1480 1126 necem.

684 1149 765 1187 Quid
780 1149 915 1181 mirum?
933 1151 1034 1191 justos
1049 1151 1198 1194 quosdam
1214 1158 1348 1182 stravere
1364 1151 1501 1189 nefandi,

725 1205 785 1235 Pro
801 1206 912 1247 quibus
927 1207 1040 1237 excelsi
1056 1207 1183 1238 dextera
1198 1207 1276 1238 mira
1292 1207 1373 1238 facit.

683 1260 880 1303 Inquisitores
895 1262 1043 1293 scelerum
1059 1263 1203 1294 scelerata
1218 1263 1349 1305 peremit

725 1317 870 1354 Dextera,
887 1318 940 1360 qui
956 1318 1069 1349 vivunt
1085 1318 1156 1350 finis
1170 1319 1287 1350 honore
1304 1319 1379 1350 Deo.

685 1371 744 1402 Sed
759 1373 825 1415 regi
841 1374 986 1404 comitem
999 1375 1064 1415 jam
1081 1387 1143 1417 pax
1159 1375 1357 1412 confoederat,
1374 1383 1409 1405 ut
1424 1377 1467 1407 sic

725 1426 833 1457 Altera
848 1440 904 1458 rex
919 1428 1018 1459 levius
1033 1429 1178 1472 subjuget
1193 1441 1276 1460 arma
1291 1430 1358 1460 sibi.

683 1482 809 1513 Foedere
825 1490 1004 1527 treugarum
1020 1486 1214 1527 suspendunt
1228 1486 1332 1528 praelia
1347 1498 1444 1529 reges,

726 1538 914 1570 Continuam
929 1552 1037 1582 pacem
1053 1548 1234 1583 perpetuare
1249 1541 1357 1572 velint.

684 1594 817 1636 Cognati
832 1606 919 1637 reges
933 1596 1073 1638 geminas
1089 1596 1206 1627 duxere
1221 1608 1348 1634 sorores,

726 1650 763 1680 In
778 1650 858 1681 natis
872 1651 1005 1693 geminis
1020 1663 1051 1682 se
1062 1652 1233 1694 geminabit
1248 1664 1343 1684 amor.

684 1705 741 1736 Per
756 1706 873 1737 bellum
888 1707 1006 1738 facinus
1021 1708 1242 1750 geminabitur,
1260 1709 1348 1746 absit,
1366 1716 1397 1740 et
1413 1711 1485 1742 assit

726 1761 771 1792 Ut
785 1761 962 1804 geminetur
976 1774 1070 1800 amor,
1087 1770 1122 1793 ut
1136 1764 1313 1805 geminetur
1328 1765 1434 1796 honor.

683 1817 738 1847 Est
748 1817 821 1847 dum
839 1817 994 1860 depositus
1011 1818 1097 1849 fortis
1113 1818 1305 1857 Fredeficus,
1322 1827 1353 1851 et
1368 1821 1445 1851 alter

725 1873 859 1910 Electus,
876 1874 975 1916 surgit
990 1874 1118 1905 martius
1133 1874 1206 1905 inde
1221 1875 1314 1907 furor.

684 1928 714 1959 Si
735 1928 913 1959 Sarracenos
928 1929 1108 1960 Fredericus
1124 1938 1284 1969 convocat,
1301 1931 1347 1962 illi

726 1984 944 2021 Succumbent,
962 1985 1075 2016 Christi
1093 1997 1171 2016 crux
1186 1987 1342 2028 superabit
1357 2000 1416 2018 eos.

683 2039 791 2070 Fracta
806 2051 880 2081 pace
897 2040 980 2071 Deus
996 2041 1146 2078 irascitur,
1163 2041 1271 2072 edocet
1286 2042 1363 2072 illud

726 2095 878 2126 Praelustri
894 2104 997 2127 sancto
1017 2097 1118 2128 Scot-ia
1133 2097 1213 2128 clara
1229 2098 1305 2128 viro.

683 2150 863 2181 Brandanus
879 2151 1013 2182 Eusebio
1029 2152 1192 2183 maledixit
1207 2159 1283 2184 teste
1301 2153 1476 2190 Britannos,

725 2206 840 2237 Iccirco
855 2206 971 2237 flebant
986 2208 1083 2238 multa
1098 2208 1211 2250 pericla
1226 2209 1300 2250 pati.

683 2261 778 2292 Trans
794 2274 875 2293 mare
890 2274 921 2293 se
936 2263 1021 2293 misit
1035 2270 1067 2294 et
1082 2275 1132 2294 cos
1147 2275 1236 2306 prece
1253 2265 1344 2295 solvit
1359 2276 1475 2302 eorum,

725 2317 766 2347 Et
780 2329 906 2360 peregre
921 2318 1009 2349 licuit
1025 2319 1069 2349 ire
1085 2319 1190 2350 venire
1207 2319 1281 2350 viro.
