2105 2871
527 426 578 450 DE
598 426 823 451 TRIUMPHIS
845 427 1040 452 ECOLESIAE
1061 428 1175 453 LIBRI
1195 428 1300 453 OCTO.

406 508 475 550 Sep.
494 508 552 539 No.
567 508 642 539 Jun.
662 508 723 550 Ap.
740 509 869 551 triginta
886 509 968 547 dato,
986 509 1112 552 reliquis
1127 510 1226 552 magis
1242 522 1316 548 uno,

450 564 585 595 Lucibus
600 572 632 595 at
647 565 780 606 geminis
798 565 823 595 F
825 565 937 596 ebruus
953 572 1017 596 esto
1034 565 1146 597 minor.

406 620 489 651 Huic
505 620 629 651 dabitur
645 626 753 662 quarto
772 620 826 650 lux
843 620 1009 651 bissextilis
1026 621 1057 651 in
1074 633 1166 658 anno,

448 676 546 714 Quam
565 676 683 706 faciunt
699 675 780 706 1101·ae
797 688 850 706 sex
866 688 1021 719 superesse
1037 685 1155 719 quater.

407 731 478 762 Post
494 731 603 762 Martis
619 743 715 762 nonas
732 732 862 774 primam
880 733 992 775 defige,
1010 733 1136 775 diesque

448 788 500 818 Bis
516 795 634 830 septem
652 800 791 825 numera,
812 788 927 819 Pascha
943 796 1088 831 sequetur
1103 801 1164 820 eos.

388 833 392 835 >
405 844 464 874 Per
480 844 581 875 lucem
602 844 726 875 Paschae
742 844 798 874 tibi
820 845 1053 887 Septuagesima
1069 846 1175 884 scitur,

448 899 666 930 Hebdomadas
681 907 763 930 retro
779 907 999 932 connumerato
1016 913 1138 932 novem.

405 955 544 986 Sustinet
559 956 686 986 ecelesia
702 964 805 986 tamen
822 956 901 987 illud
918 957 1032 988 mobile
1045 957 1168 995 festum⁷

446 1011 526 1041 Nam
543 1023 638 1053 prope
649 1012 805 1052 judicium
823 1013 921 1043 ceruit
937 1013 1040 1044 adesse
1057 1014 1126 1044 Dei.

404 1067 640 1109 Quinquaginta
657 1067 724 1098 duze
741 1076 812 1098 sunt
829 1068 1040 1107 hebdomadae,
1055 1076 1159 1100 tamen
1173 1082 1255 1100 1111110

449 1123 484 1153 111
501 1131 567 1153 toto
585 1134 675 1164 supra
692 1124 826 1154 ecrniter
843 1136 903 1155 una
920 1125 994 1155 dies

404 1179 466 1209 Ista
482 1179 547 1209 dies
564 1179 665 1210 reddit
682 1180 801 1210 domini
820 1181 966 1212 variabile
979 1194 1096 1223 grama,

449 1234 547 1277 Supra
563 1235 645 1276 quod
663 1235 753 1266 (lebet
771 1236 886 1267 Pascha
904 1237 1008 1268 venire
1025 1250 1153 1269 sacrum.

404 1291 451 1322 De
467 1291 546 1321 saltu
562 1291 641 1321 lunae
658 1291 707 1321 vel
724 1293 840 1334 epactis
856 1293 959 1323 defero
976 1300 1121 1331 tractum,

400 1387 406 1389 „
447 1347 516 1377 Hoc
533 1347 607 1378 alibi
623 1347 769 1389 quoniam
787 1349 901 1390 pagiua
918 1356 999 1380 certa
1016 1350 1115 1380 docet.

406 1402 560 1433 Prostrato
576 1402 649 1433 fidei
666 1415 755 1434 muro
773 1404 870 1434 fecere
886 1411 1026 1446 putentes

448 1457 555 1488 Portas
571 1469 642 1488 cum
658 1458 778 1500 plausu,
797 1459 849 1500 qui
867 1460 992 1490 doluere
1009 1461 1102 1502 prius.

405 1513 574 1555 Imperium
594 1513 699 1544 Romae
715 1514 740 1543 si
757 1514 804 1544 vir
821 1514 913 1544 modo
932 1516 1000 1546 talis
1017 1516 1154 1553 haberet,

446 1569 545 1600 Tutus
560 1581 639 1611 papa
655 1569 733 1600 foret
748 1576 876 1612 tutaque
892 1578 957 1601 tota
975 1571 1068 1613 Syon.

403 1625 471 1656 Ha!
488 1637 569 1655 nova
584 1625 698 1656 damna
714 1637 835 1667 queror,
853 1627 988 1668 gemitus
1004 1628 1151 1659 intersero
1164 1628 1275 1669 justos,

445 1681 529 1712 Dum
546 1688 639 1723 caput
655 1681 789 1712 ecclesiae
806 1682 930 1713 Caesaris
946 1682 990 1713 ira
1007 1684 1086 1714 ferit.

402 1737 522 1768 Musica
538 1737 613 1767 dum
630 1737 789 1768 metricam
806 1738 864 1768 sibi
880 1739 1005 1781 copulat
1021 1739 1094 1770 artis
1109 1740 1252 1777 amicam,

447 1793 491 1824 Ut
507 1793 603 1835 sapiat
620 1799 752 1834 satyram
769 1799 921 1835 temperat
935 1801 999 1825 arte
1016 1795 1124 1836 lyram.

404 1847 549 1878 Ditoniee
565 1859 707 1878 canerem
724 1847 852 1885 bellum,
869 1848 929 1879 nisi
946 1849 1025 1879 bella
1042 1850 1198 1886 timerem;

446 1903 595 1934 Privatim
613 1903 713 1940 doleo,
726 1903 797 1943 jura
810 1903 909 1944 perire
925 1903 994 1934 fleo.

403 1960 520 1991 Cantus
535 1959 741 1990 chromaticus
758 1960 879 1990 lascivis
895 1967 995 2002 aptus,
1014 1961 1137 2003 iniquus

447 2016 503 2046 Est
518 2015 613 2054 mihi;
630 2015 705 2046 dum
721 2016 819 2046 refero
835 2023 931 2058 gesta,
948 2017 1106 2048 modestus
1122 2030 1182 2048 ero.

404 2070 486 2113 Papa
501 2070 660 2111 fatigatur,
678 2077 819 2112 terraque
835 2070 974 2112 marique.
990 2078 1148 2113 gravatur,

449 2126 503 2157 Nil
520 2133 629 2157 curant
645 2127 710 2157 nati
726 2126 822 2168 patris
839 2138 942 2158 amore
958 2128 1032 2169 pati.

404 2183 477 2214 Haee
492 2183 600 2225 probo,
618 2189 804 2219 mutescunt,
822 2183 1017 2225 residentque
1034 2191 1180 2226 metuque
1198 2192 1378 2228 tepescunt3

447 2238 614 2280 Torporem
631 2238 703 2269 fidei
719 2238 829 2280 puniet
846 2239 889 2268 ira
907 2238 974 2269 Dei.

405 2295 490 2325 More
506 2302 628 2336 patrum
645 2294 734 2324 solito
751 2293 896 2332 Francos,
914 2294 964 2336 pie
980 2301 1093 2336 pastor,
1111 2295 1215 2333 adit0;

447 2351 515 2381 Rex
533 2350 633 2381 Otfret
650 2350 692 2380 ibi
709 2361 845 2392 gensque
862 2350 998 2381 modesta
1015 2350 1081 2381 tibi.

905 2416 925 2436 N

1468 420 1515 453 89

1529 1737 1542 1763 Ἰ]
1560 1736 1711 1759 lutei-seritur
1722 1738 1752 1760 de
1771 1739 1841 1768 gestis

1529 1769 1646 1791 nobilibus
1661 1771 1741 1793 Karoli
1754 1772 1822 1800 regis.
