2105 2871
577 389 648 423 108
909 398 1108 423 ιΙοΗΑΝΝΙΞ
1126 399 1178 423 DE
1199 399 1433 424 GARLANDIA

663 479 732 510 Hoc
748 492 801 522 per
818 480 993 511 Tartaream
1010 487 1135 523 gentem
1153 481 1276 512 fortuna
1291 482 1419 523 probare

705 535 835 573 Nititur,
853 541 888 566 ut
904 536 998 578 possit
1013 548 1099 578 posse
1115 537 1243 578 probare
1259 548 1358 568 suum.

663 590 845 622 Tharsenscs
862 591 985 622 Tharsis
1001 592 1218 630 transmiserat,
1235 592 1290 623 hos
1306 593 1406 623 alieno

704 646 839 677 Nomine
855 646 1014 677 Tartareos
1030 647 1160 678 dicimus
1175 659 1237 679 esse
1252 649 1344 679 viros.

661 702 683 733 J
686 702 783 733 udicis
798 702 852 739 ira,
871 702 929 732 Dei
945 703 1113 744 permissio,
1131 703 1220 745 culpa
1236 715 1367 741 reorum,

704 757 821 788 Inferni
838 757 926 794 livor,
944 757 1008 788 haec
1023 769 1103 788 nova
1118 758 1197 789 bella
1212 765 1328 800 parant.

663 812 800 843 Proditio
816 812 929 854 prodit,
948 812 1027 843 fraus
1043 813 1183 854 imperat,
1200 820 1307 844 aestuat
1322 814 1376 852 ira,

705 868 827 910 Regnat
843 868 982 905 avaritia,
999 868 1092 898 fastus
1108 868 1145 898 ad
1162 875 1240 899 astra
1256 869 1349 900 volat.

664 924 753 954 Ensis
770 923 931 954 Tartareus
946 930 1085 954 nostrum
1101 923 1197 954 scelus
1213 924 1328 966 expiat,
1345 924 1410 955 ensi

706 979 804 1011 Offert
819 979 978 1010 materiam
995 980 1085 1022 culpa
1101 980 1229 1011 secanda
1245 992 1341 1011 suam.

663 1035 778 1066 Polluit
793 1035 949 1066 ecclesiam
966 1035 1068 1073 luxus,
1085 1035 1234 1078 respergit
1250 1036 1377 1067 eandem

706 1091 802 1133 Turpi
819 1091 890 1122 fiece
906 1091 989 1133 gula,
1007 1091 1123 1134 decipit
1138 1092 1248 1123 umbra
1260 1092 1335 1123 doli.

662 1146 833 1177 Haereticus
844 1147 956 1184 latitat,
974 1147 1112 1178 incautos
1128 1147 1216 1184 fallit,
1234 1148 1347 1178 amicos

705 1202 882 1244 Corrumpit
898 1201 980 1240 fidoi,
998 1202 1218 1245 perfidiamque
1234 1203 1326 1234 fovet.

662 1258 718 1288 Est
733 1257 819 1288 thare
836 1258 977 1294 formido,
995 1266 1082 1289 sonat
1094 1270 1133 1289 ex
1148 1258 1206 1289 hoc
1225 1259 1377 1295 Tartarus,
1394 1259 1487 1300 hujus

708 1313 833 1344 Poenam
851 1313 996 1344 formidat
1012 1314 1149 1355 quisquis
1164 1314 1270 1356 iniqua
1286 1315 1379 1357 gerit.

664 1368 802 1399 Mittitur
817 1380 891 1411 ergo
908 1380 973 1399 reos
989 1369 1041 1410 qui
1058 1369 1148 1411 punit
1165 1369 1319 1407 Tartarus,
1337 1381 1442 1400 omnes

707 1423 854 1461 Percutit,
872 1430 902 1454 et
918 1423 1015 1454 nescit
1030 1424 1143 1466 impius
1160 1436 1222 1455 esse
1237 1425 1314 1467 pius.

665 1478 755 1509 Ultor
771 1478 808 1509 ab
825 1478 948 1509 Aurora
964 1479 1090 1509 veniens
1105 1479 1163 1510 sibi
1179 1480 1320 1522 proxima
1336 1492 1462 1522 quaeque

707 1534 789 1564 Dum
806 1533 904 1570 metit,
921 1545 1061 1564 occasum
1078 1535 1223 1577 subjugat
1238 1548 1307 1566 ense
1324 1536 1390 1567 sibi.

255 1599 271 1626 ῚῙ
286 1599 320 1620 De
332 1598 399 1620 terris
408 1605 465 1626 quas
474 1597 562 1620 Tartari
664 1589 819 1620 Armenia}
834 1600 972 1631 proceres
982 1596 1122 1631 pereunt,
1139 1590 1293 1632 Syri-„eque
1308 1591 1432 1633 tyranni

254 1632 429 1668 destruxerunt,
441 1634 464 1652 et
476 1637 555 1652 ‘mum
709 1645 728 1673 Q
845 1645 862 1676 b
908 1651 921 1675 t
970 1652 1060 1676 ontus
1075 1646 1143 1676 colh
1167 1658 1180 1676 s
1192 1646 1211 1676 11
1225 1658 1241 1676 a
1253 1653 1290 1677 ·ta
1308 1659 1326 1671 rr
1346 1647 1413 1677 init.

257 1664 352 1686 malma.
709 1657 839 1676 succum
865 1657 905 1675 un
925 1670 931 1683 ‚
948 1657 967 1687 p
1140 1658 1153 1677 1,
1182 1658 1193 1677 1
1212 1658 1223 1677 J
1243 1660 1258 1677 c
1306 1659 1344 1689 Oe

665 1702 816 1732 Caucasus
831 1701 961 1732 inclinat
976 1713 1049 1739 sese,
1066 1713 1118 1732 sua
1134 1702 1264 1744 porrigit
1281 1702 1387 1732 Hister

700 1756 808 1793 Arma,
826 1768 914 1786 suum
931 1756 1017 1798 luget
1034 1756 1165 1788 Thracia
1181 1757 1263 1788 victa
1279 1758 1398 1789 ducem.

665 1811 758 1849 Mars,
775 1811 849 1841 deus
865 1823 1031 1849 armorum,
1048 1812 1100 1854 qui
1117 1819 1196 1843 terra
1214 1820 1321 1855 regnat
1337 1813 1369 1844 in
1386 1813 1449 1851 illa,

709 1865 821 1896 Subdiu
838 1866 987 1896 Tartareis
1004 1866 1111 1897 martia
1129 1867 1187 1898 tela
1202 1867 1284 1898 viris.

666 1921 763 1951 Rucia
780 1921 957 1959 destruitur,
975 1921 1128 1953 destructa
1145 1923 1272 1954 Boemia
1287 1924 1422 1966 plangit;

708 1976 837 2006 Planctu
853 1976 992 2018 pulsatur
1004 1977 1142 2015 Austria,
1158 1979 1244 2020 pulsa
1260 1979 1372 2011 tremit.

668 2031 771 2062 Saevus
788 2031 949 2073 Agarenos
965 2033 1030 2075 agit
1046 2033 1078 2063 in
1094 2041 1219 2064 cunctos
1236 2034 1329 2072 furor,
1347 2046 1452 2065 omnes

709 2086 763 2116 Hii
780 2086 904 2125 feriunt,
922 2094 952 2118 ct
968 2100 1017 2118 eos
1033 2089 1165 2130 percutit
1182 2089 1281 2120 omnis
1296 2089 1398 2121 homo.

667 2141 817 2172 Omnibus
834 2150 1009 2181 occurrunt,
1026 2155 1132 2174 omnes
1146 2151 1320 2186 grassantur
1336 2145 1368 2176 in
1384 2145 1463 2183 illos,

710 2196 751 2227 Et
767 2197 807 2227 sic
824 2209 908 2228 more
924 2210 977 2228 suo
994 2199 1046 2240 qui
1063 2199 1223 2241 patiuntur
1239 2208 1345 2242 agunt.

670 2252 707 2282 In
727 2252 846 2283 Sar-ram
863 2254 1015 2296 conspirat
1031 2254 1128 2296 Agar,
1146 2255 1303 2297 consurgit
1318 2256 1441 2286 alumna

710 2307 746 2337 In
762 2307 929 2346 dominam,
946 2309 1050 2340 turbat
1065 2321 1150 2340 serva
1162 2310 1289 2352 superba
1305 2310 1440 2341 domum.
