2105 2871
563 447 610 481 60

898 453 1098 479 JOHANNIS
1116 453 1169 479 DE
1189 452 1425 479 GARLANDIA

652 538 771 569 Lancea
787 537 862 568 dum
878 536 1019 567 dextram
1036 536 1139 567 munit
1157 542 1315 578 praetenta,
1332 534 1488 577 repulsum

692 593 823 624 Hostem
839 592 1010 635 praecipitat
1026 591 1286 634 cornipedemque
1303 590 1412 621 ferum.

651 649 826 680 Patroclum
843 647 999 690 quondam
1016 647 1059 677 sie
1075 647 1175 688 Trojae
1190 647 1312 678 fuderat
1329 645 1456 682 Hector,

694 705 848 735 Exultans
863 703 968 746 spoliis
983 714 1098 733 nomen
1113 702 1226 733 habere
1241 701 1340 732 novis.

652 759 830 802 Ingreditur
846 769 989 800 campum
1006 757 1169 788 dominans
1185 757 1294 800 elegia,
1311 757 1429 799 pallens

686 815 832 856 Atropos,
848 814 1017 856 indignans
1034 813 1089 850 ira,
1107 812 1255 855 dolorque
1270 824 1385 844 reeens.

652 870 849 901 Immemores
866 869 957 899 multi
974 868 1049 911 quid
1065 874 1160 910 agent
1175 868 1209 898 in
1224 868 1293 899 luce
1309 879 1451 910 suprema

694 925 817 962 Mundi,
835 930 999 967 tempestas
1015 936 1090 966 quos
1107 924 1265 954 baratralis
1281 929 1362 966 aget,

654 981 704 1011 Ad
722 987 852 1011 mortem
869 991 900 1011 se
916 979 1152 1017 constimulant3
1168 978 1248 1010 heu!
1264 985 1397 1021 quantus
1408 979 1440 1009 in
1458 979 1552 1009 armis

698 1037 737 1067 Et
755 1037 854 1079 qualis
869 1036 962 1067 sudor
977 1036 1103 1079 agmina
1119 1036 1213 1067 densa
1228 1035 1318 1078 rapit.

654 1092 705 1123 Ad
723 1092 821 1123 erucis
837 1103 921 1122 arma
932 1099 1037 1122 tamen
1053 1092 1167 1122 multos
1183 1091 1317 1122 servavit
1333 1091 1366 1121 in
1382 1091 1440 1122 isto

698 1147 855 1179 Confiietu
871 1147 941 1186 qoeli
957 1147 1067 1190 gratia,
1084 1147 1165 1178 velle
1182 1147 1253 1178 Dei.

655 1204 829 1235 Clarensem
847 1203 992 1234 comitem
1010 1202 1048 1233 de
1064 1202 1264 1233 claromonte
1281 1209 1397 1233 coartat

699 1259 747 1290 Ire
762 1266 843 1290 retro
860 1258 1015 1296 dominus,
1033 1257 1108 1288 dum
1124 1265 1205 1289 retro
1221 1264 1311 1289 nutat
1326 1269 1431 1300 equus.

656 1314 858 1346 Flandrenses
874 1313 980 1356 clipeis
996 1312 1221 1351 flammescunt,
1239 1313 1463 1356 excutiuntque

699 1370 844 1401 Dovoriae
859 1369 984 1412 clipeos,
1002 1368 1246 1411 acephalantque
1262 1369 1352 1400 viros.

656 1427 740 1458 Dum
756 1438 842 1458 mens
858 1431 1034 1468 propugnat
1050 1424 1207 1467 utrimque
1223 1424 1305 1466 quod
1324 1431 1409 1467 optat
1425 1425 1458 1456 in
1474 1432 1589 1462 aetum,

657 1522 662 1523 ⁷
700 1482 810 1520 Exim,
828 1488 858 1513 et
874 1487 948 1513 voto
963 1488 1035 1512 sunt
1050 1493 1101 1512 rea
1117 1481 1207 1512 corda
1223 1493 1287 1512 suo.

644 1526 810 1570 VAnthaeos
826 1538 929 1575 fortes,
947 1543 977 1568 et
993 1549 1068 1580 quos
1084 1537 1205 1579 argutia
1222 1537 1319 1575 ducit,

706 1594 823 1636 Anglia
840 1593 995 1636 producit,
1011 1593 1141 1631 viribus,
1158 1600 1222 1624 arte
1233 1593 1353 1636 vigens.

659 1650 758 1681 Gallia
774 1648 987 1692 quadrupedes
998 1648 1031 1679 in
1043 1660 1094 1679 eos
1109 1648 1272 1685 convertit,
1290 1655 1321 1679 et
1332 1648 1433 1680 hastas

703 1705 743 1736 Et
760 1704 889 1747 gladios,
907 1710 937 1735 et
952 1715 1003 1734 eos
1018 1703 1157 1745 undique
1173 1703 1273 1734 mixta
1289 1703 1370 1735 ferit.

661 1762 778 1802 §ymon
795 1760 833 1791 de
850 1758 1043 1796 Monteforfi,
1060 1770 1149 1789 mons
1165 1758 1263 1796 fortis,
1280 1758 1312 1789 in
1328 1758 1449 1790 hostem

705 1816 875 1853 Grassatur,
893 1815 997 1846 fundit
1012 1815 1138 1852 viscera,
1156 1814 1234 1845 colla
1250 1814 1349 1845 metit.

661 1872 800 1915 Rogerus
817 1871 933 1914 Bigoth
949 1871 1137 1914 cognomine
1152 1870 1260 1901 robore
1275 1870 1379 1901 fundit

704 1928 834 1958 Turmas
851 1927 1052 1965 Francorum,
1066 1938 1141 1969 quas
1157 1926 1308 1957 violenter
1323 1926 1398 1968 agit.

662 1984 846 2015 Guillelmus
861 1983 955 2025 longo
971 1994 1086 2013 nomen
1102 1982 1227 2013 sortitus
1243 1982 1280 2013 ab
1297 1993 1378 2019 ense,

706 2038 848 2070 Effundit
863 2039 958 2081 longo
973 2038 1133 2080 sanguinis
1148 2050 1219 2070 ense
1234 2038 1350 2081 globos.

662 2094 776 2136 Anglis
792 2101 958 2125 occurrunt
976 2094 1066 2132 Galli,
1085 2095 1253 2137 Campania
1271 2095 1380 2126 sternit

706 2149 888 2186 Cornubios,
906 2150 1010 2181 ambos
1026 2157 1135 2181 mutua
1150 2150 1212 2181 fata
1228 2150 1364 2181 trahunt.

664 2205 725 2236 Hic
741 2205 851 2247 aliquis
866 2205 998 2236 moritur
1013 2212 1182 2237 moreretur
1197 2217 1258 2248 quo
1274 2206 1372 2236 erucis
1388 2205 1494 2243 hostis,

706 2260 781 2291 Vita
797 2266 891 2291 tenax
907 2260 954 2291 illi
966 2261 990 2291 si
1008 2261 1154 2292 diuturna
1170 2261 1255 2292 foret.

664 2316 860 2347 Abbreviant
875 2316 974 2358 magis
990 2328 1073 2347 arma
1089 2317 1214 2348 brevem
1232 2317 1372 2348 funebria
1387 2318 1496 2355 vitam,

707 2371 791 2402 Dum
808 2383 889 2402 mors
904 2372 1037 2403 occurrit
1053 2378 1083 2403 et
1099 2372 1255 2403 stimulata
1271 2373 1366 2404 venit.
