2105 2871
560 403 633 437 140
889 416 1087 442 JOHANNIS
1105 417 1157 442 DE
1177 417 1411 443 GARLANDIA

646 495 713 526 Mos
729 504 772 528 est
787 497 820 528 in
836 498 923 529 bellis
938 505 1006 541 post
1021 498 1140 541 lapsum
1156 511 1289 541 surgere,
1307 500 1387 531 vires

691 551 827 590 Sumere,
844 553 992 584 victorem
1009 560 1108 595 strage
1123 554 1246 586 domare
1268 567 1356 586 nova.

647 606 716 636 Hiis
732 608 941 649 compensavit
957 609 1089 640 adversis
1105 610 1204 652 gratia
1219 611 1298 648 coeli,

689 661 824 692 Plurima
841 663 1023 694 Parthorum
1035 665 1113 695 colla
1128 665 1251 696 subacta
1266 666 1387 698 ducum.

647 716 711 747 Hos
726 717 904 748 invadentes
919 720 1116 761 peregrinum
1132 721 1241 751 martia
1256 728 1385 753 castrum

688 772 801 802 Turma
816 773 912 803 crucis
928 774 1018 815 cepit,
1035 776 1253 818 supposuitque
1269 777 1356 819 jugo.

647 827 757 857 Tutius
773 839 835 858 esse
852 828 929 858 mori
945 840 1012 859 reor
1028 830 1059 860 in
1076 842 1177 868 cruce,
1194 843 1285 873 quam
1298 833 1442 864 diuturne

689 883 815 921 Vivere,
832 885 978 926 peccandi
995 886 1037 917 sic
1053 887 1125 928 quia
1140 899 1229 919 causa
1245 889 1333 930 perit.

648 939 742 969 Vivat
759 946 859 970 turma
874 946 975 971 tamen
992 943 1100 980 crucis,
1116 950 1151 973 ut
1167 955 1311 975 conversa
1326 945 1365 975 sit
1381 945 1471 976 exlex

688 993 794 1031 Natio;
822 995 960 1025 converti
976 996 1000 1026 si
1016 1003 1119 1039 neget,
1135 1009 1204 1029 ense
1221 999 1311 1030 cadit.

646 1048 780 1079 Tartarei
796 1049 952 1091 perimunt
967 1063 1007 1089 se,
1024 1064 1096 1095 rege
1108 1053 1248 1093 jubente,
1266 1055 1317 1085 sed
1330 1055 1411 1086 idem

689 1104 836 1146 Sper-nere
851 1113 923 1136 sunt
934 1107 999 1137 ausi
1014 1107 1102 1138 mitia
1113 1109 1197 1149 jussa
1214 1110 1280 1141 Dei.

644 1159 733 1190 Juste
750 1160 842 1199 Deus,
858 1173 980 1193 remove
997 1169 1043 1193 tot
1059 1175 1134 1195 saeva
1150 1164 1282 1207 flagella,
1299 1173 1418 1208 tuaeque

688 1216 809 1257 Sponsae
824 1228 989 1256 succurras,
1006 1219 1222 1262 ecclesiamque
1234 1221 1332 1261 juves.

642 1272 791 1302 Persolvit
806 1273 897 1303 morti
915 1273 940 1304 F
942 1273 1094 1305 redericus
1110 1274 1231 1313 foedera,
1248 1288 1352 1318 pacem

684 1326 914 1370 Foederat.ergo
930 1328 986 1359 sibi
1003 1336 1070 1371 post
1086 1330 1147 1361 fera
1160 1331 1238 1362 bella
1254 1332 1337 1362 fides.

641 1384 719 1413 Cum
736 1383 812 1414 duce
830 1383 1017 1416 Francorum
1035 1387 1057 1416 si
1070 1387 1133 1427 jam
1153 1388 1359 1430 Babylonieus
1374 1389 1467 1420 haeres

681 1438 706 1468 F
709 1438 808 1469 oedera
820 1440 979 1471 constituit
994 1442 1170 1474 conditione
1185 1443 1274 1480 bona,

640 1492 749 1524 Sancta
765 1495 847 1524 cruci
863 1502 942 1526 terra
958 1496 1102 1527 reddetur
1117 1504 1190 1535 tota,
1208 1498 1339 1540 ducique

679 1548 821 1580 Conferet
838 1550 965 1592 Assyrio
984 1552 1117 1583 Gallicus
1134 1554 1211 1584 ensis
1228 1565 1327 1596 opem.

637 1604 656 1635 J
661 1611 744 1635 ustus
762 1605 969 1648 Haleupenses
986 1619 1040 1638 rex
1056 1614 1163 1647 vastat,
1181 1609 1326 1651 quicquid
1342 1617 1372 1640 et
1388 1611 1478 1641 armis

678 1660 825 1702 Adquirit
841 1662 929 1693 vietis
942 1662 1079 1694 hostibus
1094 1665 1158 1705 ejus
1175 1665 1239 1695 erit.

636 1716 702 1746 Rex
721 1718 886 1759 Babylonis
902 1731 951 1750 eos
967 1720 1025 1750 alia
1041 1720 1078 1751 de
1094 1727 1179 1762 parte
1191 1728 1332 1763 potenter

678 1771 857 1814 Expugnat,
874 1773 1007 1811 flamma,
1024 1781 1135 1817 strage,
1152 1787 1266 1812 eruore,
1284 1776 1372 1808 fame.

635 1826 772 1857 Firmum
790 1827 913 1858 durabit
929 1828 1026 1859 foedus
1041 1836 1086 1860 ter
1102 1830 1238 1872 quinque
1254 1843 1308 1873 per
1323 1845 1429 1871 annos,

677 1882 767 1924 Spem
784 1884 982 1915 convertendi
998 1896 1069 1926 rege
1085 1892 1209 1917 tenente
1228 1886 1329 1919 Phari.

634 1937 694 1968 Hie
710 1937 791 1968 idem
808 1938 950 1970 dominus
966 1939 1131 1982 Babylonis
1147 1948 1283 1983 tempore
1295 1943 1386 1973 solvit

676 1992 819 2034 Captivos
834 1995 943 2033 multo,
959 2007 1033 2036 quos
1049 2003 1151 2027 tamen
1168 1997 1230 2039 ipse
1251 2004 1342 2029 tenet.

635 2046 660 2077 O
676 2058 741 2085 rcx,
758 2054 827 2090 tyro
844 2051 951 2088 crucis,
969 2062 1074 2082 caveas
1090 2052 1157 2090 tibi,
1174 2064 1213 2084 ne
1228 2053 1285 2084 tibi
1301 2053 1420 2084 fraudes

675 2102 835 2134 Occultant
852 2104 973 2146 laqueos
989 2107 1240 2149 praecipitentque
1255 2108 1374 2150 gradus.

632 2157 713 2188 Dum
733 2158 907 2191 Ludovicus
923 2161 1023 2192 adhuc
1039 2174 1093 2192 rex
1113 2162 1239 2193 Parthos
1255 2163 1387 2205 impetit,
1406 2164 1457 2201 ite,

674 2213 819 2246 Doctores
833 2216 919 2258 legis,
936 2217 1068 2259 spargite
1086 2219 1175 2249 verba
1191 2219 1295 2249 crucis.

631 2268 727 2298 Arma
743 2270 839 2301 crucis
854 2271 953 2313 capiat
970 2272 1135 2310 Romanus,
1154 2273 1265 2311 Dacus,
1284 2274 1437 2315 Hyberus.

673 2323 800 2366 Anglia,
818 2325 1014 2366 Teutonicus,
1033 2328 1224 2370 Illiricusque
1240 2329 1338 2371 vigor.
