2105 2871
462 1012 478 1033 ἶ
488 1011 523 1035 91.

241 1082 256 1109 (Γ,
271 1082 305 1103 ΒΡ
318 1081 435 1102 miraculis
449 1081 491 1102 Dei
504 1087 546 1109 pro

240 1115 333 1140 sanctis,
348 1121 393 1135 non
407 1121 447 1142 pru
471 1113 544 1134 haere-

241 1152 299 1168 UOIS.

889 431 1088 457 JOHANNIS
1106 432 1158 456 DE
1178 431 1411 458 GARLANDIA

647 514 751 545 Pravis
765 525 821 544 rex
839 513 971 545 Sabaoth
987 513 1104 556 pedites
1119 514 1247 556 opponit
1262 522 1293 545 et
1308 521 1416 552 armat,

688 570 748 609 Qui
764 569 863 600 cordis
878 580 1001 600 carnem
1017 569 1168 610 cordaque
1183 569 1252 611 lege
1268 570 1376 612 ligant.

645 625 781 668 Opponit
795 625 912 668 pedites
927 624 1001 655 alios
1017 636 1147 666 quorum
1164 625 1241 656 bene
1257 626 1386 668 quisque

688 681 837 712 Praedicat
852 688 882 712 et
897 681 985 711 verbi
1000 680 1114 711 militat
1129 692 1200 712 ense
1215 682 1301 712 sacri.

645 738 786 779 Adjuvat
800 737 856 768 hos
872 737 943 767 ferri
958 737 1080 778 gladius
1095 737 1230 779 gladiare
1246 744 1292 768 tot,
1307 738 1416 776 hostes,

688 793 770 832 Quos
784 798 929 834 poterunt
944 792 1041 834 gladii
1057 792 1113 822 vix
1128 804 1261 823 resecare
1277 793 1348 824 duo.

646 849 803 891 Quidquid
818 848 952 879 silvescit
966 855 1045 878 secat
1061 847 1154 884 ensis;
1171 847 1277 879 doetus
1292 857 1391 880 arator

687 905 795 935 Divini
812 903 897 934 verbi
912 915 1037 934 vomere
1052 903 1148 934 sulcat
1163 903 1310 942 hummn;

647 960 762 1002 Stirpes
779 960 921 990 distortos
936 959 1112 1000 sterilesque
1128 971 1224 990 vorax
1240 960 1345 990 domat
1360 960 1452 1002 ignis,

687 1015 877 1057 Radicesque
892 1014 987 1045 malas
1002 1014 1228 1057 indomitasque
1244 1022 1366 1047 cremat.

647 1071 727 1101 Mira
742 1071 801 1101 Dei
818 1070 916 1113 poscit
932 1070 1067 1112 vulgaris
1083 1071 1199 1113 opinio,
1216 1079 1339 1114 genten]

689 1125 789 1156 Mittit
804 1125 837 1156 in
853 1125 932 1157 hanc
948 1126 1088 1157 miseram
1104 1138 1222 1157 summa
1238 1125 1360 1169 flagella
1376 1126 1467 1158 Deus.

648 1180 717 1211 Hiis
732 1181 830 1222 igitur
845 1181 923 1218 dixi,
941 1181 1015 1223 quid
1031 1193 1085 1212 vos
1100 1181 1226 1213 movet?
1240 1182 1322 1212 unde
1338 1181 1447 1213 furoris

690 1235 856 1267 Horribilis
871 1235 1036 1268 stimulus?
1051 1237 1133 1268 unde
1149 1237 1237 1267 ruina
1253 1236 1348 1268 mali?
1414 1229 1419 1233 i

647 1291 702 1321 Est
718 1290 803 1321 Deus
818 1290 851 1320 in
867 1291 978 1322 sanctis
995 1291 1154 1330 mirabilis,
1172 1304 1244 1335 ergo
1260 1293 1373 1330 videte,

692 1345 808 1376 Mentis
824 1346 957 1377 discussa
972 1354 1062 1378 nocte
1078 1354 1182 1379 notate
1198 1348 1290 1379 diem.

650 1401 814 1431 Proximus
829 1413 846 1431 a
863 1401 986 1432 Christo
1005 1402 1178 1444 Stephanus
1192 1403 1431 1445 prothomartyr,
1449 1403 1616 1446 Olympum

690 1456 748 1487 Per
764 1456 896 1498 lapidem
914 1457 1027 1487 meruit
1042 1458 1244 1500 martyriique
1260 1459 1377 1490 stolam.

648 1511 782 1554 Corpora
798 1519 972 1543 sanctorum
990 1513 1165 1555 fulgebunt,
1182 1513 1282 1552 fortia,
1300 1526 1381 1552 sana,

692 1567 812 1605 Libera,
829 1568 967 1610 pulchra,
985 1568 1056 1606 cita²
1073 1569 1200 1611 laetaque
1216 1580 1334 1611 semper
1349 1577 1448 1601 erunt.

650 1623 770 1661 Sensus,
788 1623 934 1660 amicitia,
951 1624 1124 1661 concordia,
1141 1624 1231 1666 plena
1247 1631 1390 1667 potest-as,

690 1679 766 1717 ΡεὶΧ,
783 1679 892 1717 honor,
909 1679 955 1710 hae
971 1679 1056 1710 dotes
1072 1691 1126 1711 sex
1141 1680 1301 1711 animabus
1316 1688 1415 1712 erunt.

649 1735 777 1766 Sanetus
796 1735 942 1766 Silvester
957 1736 1148 1767 obstruxerat
1165 1748 1216 1767 ora
1232 1736 1370 1768 draconis

690 1790 806 1828 Romae,
823 1791 970 1833 clavigeri
982 1792 1066 1832 jussa
1081 1792 1236 1834 sequendo
1254 1792 1348 1823 Petri.

648 1845 678 1876 V
681 1846 794 1876 ictrieis
809 1846 923 1877 virtute
940 1847 1037 1877 crucis
1052 1854 1123 1878 sunt
1139 1847 1215 1878 mira
1231 1855 1362 1890 peracta,

689 1900 940 1944 Confirmantque
956 1901 1049 1933 fidem
1065 1902 1143 1934 facta
1159 1903 1307 1945 stupenda
1323 1915 1447 1935 sacram.

647 1956 789 1987 Mortuus
805 1964 835 1987 et
851 1957 940 1988 vivus
959 1957 1136 1989 Leonardus
1153 1958 1278 1989 vincula
1294 1966 1416 1991 sanctus

691 2012 831 2054 Dempsit
847 2013 986 2055 captivis,
1003 2014 1177 2056 eripuitque
1193 2014 1282 2045 viros.

649 2067 884 2110 Christophorus
901 2069 997 2100 vincit
1014 2068 1161 2107 flammas,
1178 2069 1336 2112 vincitque
1351 2071 1489 2113 sagittas;

692 2123 933 2166 Vincitvprobra,
950 2125 1063 2162 minas;
1080 2125 1131 2156 sed
1148 2125 1299 2167 gladiatus
1314 2126 1389 2158 obit.

650 2179 735 2210 Lieia
750 2191 811 2210 non
827 2180 927 2211 verbis
942 2180 1025 2211 hunc
1040 2181 1159 2211 blandis
1174 2193 1236 2212 non
1252 2182 1385 2224 aquilina

692 2235 806 2272 Rexit,
825 2236 877 2266 sed
893 2236 1018 2266 credens
1034 2243 1162 2278 utraque
1177 2243 1294 2278 martyr
1310 2244 1380 2268 erat.

650 2290 708 2321 Vir
725 2290 880 2321 dominam
898 2292 966 2322 coeli
982 2298 1204 2337 monstraverat
1220 2304 1282 2323 esse
1299 2293 1440 2331 Mariam,

691 2346 848 2377 Junonem
868 2346 1000 2378 Samiam
1017 2347 1163 2379 daemonis
1179 2359 1240 2379 esse
1256 2360 1361 2391 genus.
