2105 2871
287 881 347 910 „27”

537 407 591 432 DE
610 405 835 432 TRIUMPIHS
854 404 1053 429 ECCLESIAE
1073 403 1188 428 LIBRI
1206 404 1312 429 OCTO.

411 489 494 520 Dum
511 496 704 532 praetemptat
720 499 813 530 aquas
828 487 981 529 princepS,
999 486 1202 528 phalerantur
1218 497 1371 528 equorum

456 545 566 587 Terga,
583 544 695 575 resistit
711 554 803 585 eques
819 542 872 584 qui
889 542 973 573 stetit
990 549 1061 572 ante
1077 541 1181 584 pedes.

412 601 536 632 Montes
551 606 582 630 et
597 599 692 629 valles
708 604 852 629 resonant
868 597 1014 639 clangore
1031 598 1188 634 tubarum,

456 655 595 698 Neptuni
612 654 703 686 surda
719 661 818 685 terror
834 653 867 683 in
883 658 956 684 aure
972 653 1096 695 strepit.

414 712 539 743 Viscera¹
554 711 707 742 rimantur
723 709 831 752 gladii,
849 709 1000 740 cerebella
1016 719 1146 745 secures,

456 768 590 799 Guttura
606 765 734 803 cultelli,
751 765 885 807 pectoris
902 764 988 795 hasta
1004 764 1096 795 viam.

410 823 582 865 >Sanguinis
598 822 682 853 unda
697 822 806 863 globos
822 828 852 851 et
869 821 962 852 densa
977 821 1126 852 cadavera
1144 828 1240 863 ponto

462 879 568 915 Infert,
586 885 617 909 et
632 878 748 908 mixtas
771 889 878 919 pugna
895 877 1033 908 rubricat
1049 889 1152 919 aquas.

416 935 453 965 In
470 934 575 966 Casios
590 945 738 964 conversa
754 933 847 963 duces
864 939 909 964 est
925 933 1063 963 maxima
1079 939 1207 975 strages,

460 991 501 1021 Et
519 990 622 1032 Lagea
638 989 729 1020 metit
744 989 871 1030 agmina
888 989 1008 1020 Franea
1026 1000 1145 1020 manus.

418 1047 486 1078 Rex
503 1046 604 1077 dietus
622 1045 724 1076 Romus
741 1045 834 1083 cadit,
854 1045 972 1076 Esehec
989 1045 1104 1075 dieitur
1119 1045 1200 1082 urbi,

460 1102 610 1144 Mathque
626 1101 718 1132 simul
734 1101 876 1144 peditum
892 1101 939 1132 vis
955 1101 1158 1143 equitumque
1182 1101 1274 1144 perit.

417 1159 492 1190 Tres
507 1157 663 1189 admiralii
678 1157 828 1199 linquunt
844 1157 877 1187 in
893 1157 983 1188 litore
1001 1157 1110 1194 vitam,

463 1215 638 1246 Clamantes
654 1213 776 1251 frustra,
794 1217 815 1231 ‘⁶
827 1213 902 1251 Nos,
921 1213 1128 1251 Machomete,
1141 1214 1219 1254 juva
1232 1213 1255 1244 Γ

421 1271 465 1302 Ut
487 1269 651 1302 <Iuvenalis
667 1270 720 1307 ait,
738 1281 843 1312 porros
859 1281 1009 1311 cepasque
1025 1281 1080 1311 per
1096 1281 1196 1312 agros,

464 1328 547 1367 Quos
562 1327 699 1358 habuere
715 1326 810 1363 cibos,
828 1325 883 1356 hos
900 1325 1038 1356 habuere
1054 1324 1138 1355 deos.

424 1384 589 1416 Submerso
609 1383 768 1414 Pharaone
784 1382 861 1413 mari
878 1381 951 1424 quia
967 1388 1106 1422 tempore
1125 1380 1207 1411 tristi

415 1478 420 1480 ‚
465 1440 594 1470 Fecerat
611 1438 771 1481 AEgyptus
786 1449 900 1468 numen
920 1437 1053 1469 habebat
1074 1448 1163 1479 opus.

425 1495 585 1526 Innumeri
601 1495 715 1536 vulgus
731 1494 853 1535 fugiens
865 1494 1025 1524 occumbit
1043 1494 1075 1524 in
1094 1493 1186 1524 undis

468 1552 509 1583 Et
524 1551 650 1593 campis,
663 1550 811 1592 quosdam
829 1549 988 1591 Memphis
1004 1556 1109 1592 aperta
1125 1549 1218 1591 capit.

393 1618 396 1619 ⁷
422 1608 477 1639 Ad
492 1616 605 1638 terram
621 1606 737 1637 vexilla
753 1605 852 1636 erucis
868 1616 1032 1647 properare
1048 1604 1181 1642 videres,

467 1664 633 1705 Castraque
645 1661 752 1704 defigi,
770 1661 970 1703 laetitiamque
987 1660 1083 1702 sequi.

426 1720 531 1751 Palma
547 1718 633 1750 venit
649 1718 753 1755 velox,
771 1717 907 1748 divorsos
922 1717 1027 1747 littore
1044 1723 1127 1746 tacto

469 1774 609 1817 Exponit
625 1773 756 1816 populos
772 1773 905 1815 plurima
921 1772 1022 1803 classis
1038 1772 1092 1802 ibi.

428 1830 604 1873 Memphios
620 1836 666 1860 est
682 1836 747 1860 tota
764 1829 852 1859 dolor
868 1840 942 1870 ergo
954 1834 1060 1858 tantus
1076 1828 1109 1858 in
1126 1827 1212 1865 urbe,

469 1887 587 1918 Urbem
604 1885 689 1928 quod
705 1885 818 1916 metuit
833 1896 909 1927 gens
924 1883 1058 1914 retinere
1074 1894 1170 1913 suam.

428 1943 519 1974 Cives
534 1948 689 1972 terrentur
704 1940 847 1983 populari
865 1940 982 1977 funere,
999 1944 1092 1981 portu

472 1997 605 2034 Amisso,
623 1996 719 2039 captis
735 1995 847 2026 finibus
863 1995 949 2026 hoste
966 1996 1038 2026 fero.

429 2053 616 2084 Consuluete
633 2053 730 2095 fugae3
758 2052 907 2093 linquunt
923 2052 1056 2094 caligine
1072 2052 1173 2082 noetis

475 2110 620 2147 Divitias,
637 2120 752 2145 carnes,
771 2108 860 2145 farra,
878 2107 1037 2150 phalerna,
1054 2107 1170 2137 thoros.

430 2165 570 2196 Crastina
585 2164 641 2194 lux
656 2163 724 2206 regi
742 2163 931 2194 Francorum
948 2162 1059 2193 liberat
1074 2162 1194 2199 urbem,

474 2221 557 2252 Dum
575 2220 694 2251 deserta
709 2225 804 2262 patet,
823 2218 897 2249 dum
915 2225 1044 2249 vacuata
1060 2218 1144 2248 viris.

433 2275 575 2306 Victores
590 2280 720 2305 caveant
735 2285 774 2304 ne
791 2285 845 2316 per
861 2285 914 2304 sua
930 2273 1060 2304 crimina
1075 2273 1205 2316 perdant

476 2331 562 2362 Ditia
579 2330 660 2361 dona
677 2329 746 2367 Dei,
764 2337 903 2371 ‘tempore
918 2336 1006 2371 parta
1020 2329 1117 2360 brevi.

1452 395 1524 429 133
