2105 2871
478 409 530 433 DE
550 408 775 434 TRIUMPHIS
794 407 992 432 ECCLESIAE
1010 407 1126 432 mimi
1144 406 1249 432 ocro.
1388 398 1460 431 121

357 490 407 522 Sic
423 502 505 522 sacra
521 491 573 521 lex
588 491 736 532 loquitur,
753 501 858 532 regem
875 488 1026 520 silvestria
1042 488 1128 530 ligna

399 546 555 577 Ramnum
571 545 819 576 flammivomum
835 544 1020 576 constituere
1037 544 1104 575 sibi.

356 600 418 632 Hic
435 601 663 632 Antichristum
678 601 790 643 signat,
807 600 952 642 praeludia
968 600 1055 640 cujus

401 656 482 687 Gens
497 656 605 699 agitat,
623 656 747 687 credens
763 662 873 687 cuncta
889 656 980 686 licere
994 655 1062 686 sibi.

360 711 465 753 Portat
481 712 610 743 avaritia
625 712 700 743 rude
716 719 849 749 scutum,
867 712 983 754 spicula
999 711 1106 754 lingua
1480 714 1497 741 Ἥ
1510 714 1594 768 (pedm.
1606 712 1778 767 icrixpinalibiss

404 767 535 805 Livoris,
552 767 670 809 gladios
686 767 741 805 ira,
758 767 855 798 libido
872 767 959 798 faces
1479 750 1501 768 et
1527 754 1538 768 Β
1565 753 1643 768 omma
1656 752 1708 766 'one
1717 752 1747 773 gu
1784 760 1787 764 ’

361 823 502 865 Implicat
517 823 634 854 accidia
650 823 784 865 laqueo&
802 835 832 854 so
848 823 941 854 fastus
957 823 1079 854 inaurat

223 877 283 903 373

402 878 536 915 Casside,
553 885 705 909 scrutatur
720 878 793 909 vina
810 879 952 921 cibosque
968 879 1051 921 gula.

360 933 540 976 Cauponam
556 933 710 964 celebrant
726 933 758 963 in
775 945 895 964 summo
910 945 1000 964 mane
1015 933 1127 975 gulosi,

404 989 469 1020 Neo
484 989 591 1020 satiare
608 996 726 1031 queunt
742 989 858 1020 ventris
874 989 964 1020 inane
981 989 1077 1019 chaos.

364 1045 488 1076 Praestat
503 1045 677 1086 apostolicis
692 1044 775 1075 festis
786 1045 906 1086 jejunia
922 1045 1041 1076 cunctis

405 1099 494 1130 Mens
508 1099 570 1141 pia,
587 1111 641 1130 sex
657 1099 780 1130 cohibet
795 1100 902 1142 regula
918 1099 980 1130 fixa
996 1100 1069 1130 dies.

364 1156 471 1186 Petrus
483 1162 513 1186 et
530 1155 680 1192 Andreas,
699 1155 844 1191 Jacobus,
862 1167 932 1186 cum
951 1155 1087 1197 Symone
1103 1155 1124 1186 -J
1127 1155 1211 1192 udas,

408 1210 618 1252 Mathaeusque
634 1210 718 1241 cibos
734 1216 892 1241 attenuare
909 1218 1046 1242 monent.

365 1266 513 1307 Jejunare
524 1266 614 1307 jubet
633 1266 826 1303 Laurentius,
844 1272 874 1297 at
890 1266 940 1308 pia
955 1266 1046 1309 virgo

409 1322 542 1364 Inspirat
557 1321 686 1364 dapibus
702 1334 756 1352 nos
771 1333 911 1364 reparare
927 1323 1029 1353 semel.

366 1377 439 1408 Non
455 1376 675 1419 quadragenas,
692 1389 755 1408 non
771 1384 909 1420 tempora
926 1386 1057 1421 quatuor
1073 1378 1146 1409 anni

411 1432 602 1474 Respiciunt‚
619 1439 737 1463 certant
752 1433 805 1475 qui
821 1445 951 1465 vacuare
967 1434 1083 1476 ciphos.

368 1488 555 1530 Vortigerne
570 1487 628 1518 tibi
645 1487 808 1519 Britonum
825 1501 881 1519 rex
897 1489 1021 1520 foemina
1037 1496 1127 1532 potus

412 1544 497 1574 Dans
512 1544 596 1586 prius
611 1544 739 1586 aequales
755 1545 843 1575 auxit
859 1545 891 1575 in
903 1546 974 1576 orbe
990 1547 1106 1588 gulam.

367 1600 476 1631 Sancte
492 1599 549 1630 tibi
566 1600 699 1631 Michael
715 1600 740 1631 si
756 1601 823 1642 quis
835 1601 955 1642 jejunia
971 1608 1102 1643 praestat,

413 1656 635 1698 Angelicisquc
651 1656 760 1694 choris,
777 1656 881 1687 coelica
898 1656 977 1687 dona
993 1657 1076 1688 feret.

372 1711 427 1742 Hii
442 1723 497 1742 nos
512 1718 662 1749 tutantur,
679 1711 801 1754 pellunt
816 1711 1041 1754 phantasmata,
1057 1720 1156 1756 pestes

414 1767 523 1798 Aerias
538 1773 707 1804 removent,
724 1767 910 1810 insidiasque
926 1768 1045 1810 fugant.

374 1824 410 1854 In
426 1824 540 1854 somnis
554 1823 713 1854 hominem
729 1823 910 1865 perturbant
925 1824 1054 1862 somnia,
1072 1830 1182 1856 tractat

416 1879 551 1917 Frivola,
569 1879 622 1910 sed
637 1879 747 1920 vigilat
763 1879 802 1909 sit
816 1879 876 1910 nisi
892 1891 977 1910 serva
993 1892 1073 1911 caro.

374 1935 441 1966 Vix
455 1935 541 1966 venit
557 1935 595 1966 ad
611 1935 721 1965 coelum
738 1934 835 1971 miles,
852 1935 907 1965 vix
923 1935 1060 1972 clericus,
1077 1935 1156 1966 illud

418 1990 606 2032 Simpliciter
621 1990 746 2021 credens
760 1991 872 2022 rustica
888 1991 976 2022 turba
991 1991 1080 2033 rapit.

376 2047 426 2077 Ex
438 2046 600 2088 alphabeto
616 2047 753 2089 sequitur
769 2047 928 2078 meditatio
944 2047 1047 2090 longa,
1491 2049 1509 2103 ἘῙ
1522 2049 1557 2086 De
1569 2049 1642 2079 elegia
1655 2051 1706 2072 vixae
1720 2057 1768 2072 300-

418 2102 511 2133 Poena
526 2102 638 2145 gravis,
655 2103 752 2134 facilis
767 2103 845 2140 rixa,
861 2109 978 2133 remota
994 2103 1052 2134 via.
1501 2086 1585 2104 asticae.

376 2159 460 2189 Mors
474 2158 583 2189 animae
598 2171 653 2201 pro
669 2159 798 2196 divitiis,
816 2159 866 2190 vel
883 2159 981 2190 carnis
996 2170 1110 2197 amore,

419 2214 486 2245 Aut
499 2214 615 2252 haeresi,
633 2214 685 2252 sic,
702 2215 743 2246 sic
760 2215 834 2257 quid
851 2215 991 2245 didicisse
1003 2215 1095 2256 juvat
1109 2213 1122 2245 P

378 2269 482 2300 Brutis
497 2281 573 2300 voce
588 2281 673 2312 pares
688 2270 820 2312 populus
835 2276 936 2312 stupet
951 2282 1021 2301 ecce
1037 2270 1196 2309 scholares,

421 2324 504 2355 Dum
521 2324 603 2355 fatue
615 2325 747 2356 clamant
763 2325 915 2368 verbaque
930 2325 992 2356 litis
1007 2333 1120 2357 amant.

879 2390 898 2412 R
