2105 2871
248 1010 303 1035 ¹7³

284 1567 327 1591 'KQ

550 430 602 455 DE
621 429 847 454 TRIUMPHIS
866 428 1064 454 ECOLESIAE
1083 428 1197 453 LIBRI
1217 428 1300 454 SEX.

418 513 488 544 Sole
505 512 554 543 vel
570 523 703 542 oceanus
719 518 802 542 totus
820 522 980 553 percussus
995 518 1096 548 acuto,

459 568 538 598 Solis
550 568 614 598 vim
630 567 759 609 patitur,
777 566 978 608 inficiturque
995 566 1066 597 sale.

414 624 512 655 Obvia
528 623 616 666 signa
628 635 715 665 pares
730 629 814 654 ortus
829 623 992 665 lapsusque
1008 621 1127 653 videret

454 675 641 721 'Exaequare‚
658 679 742 709 viam
758 678 783 709 si
800 678 869 720 quis
884 678 1012 708 haberet
1028 677 1075 708 ibi
1095 690 1102 714 ;

416 735 477 767 Sed
492 735 583 777 plaga
599 742 703 766 nostra
719 734 785 765 dies
801 734 984 771 decrescere,
1002 744 1136 764 crescere
1152 733 1263 769 cernit,

463 790 515 822 Sol
531 791 603 833 quia
620 790 768 833 signifero
784 790 908 821 tramite
924 790 1006 832 girat
1022 789 1090 820 iter.

418 846 618 877 Immaculata
633 846 703 877 silet
715 846 780 876 sine
796 845 885 877 bellis
900 853 931 876 et
946 845 1011 876 sine
1027 852 1115 875 motu

463 902 597 944 Regum,
614 913 705 944 quam
724 913 883 944 nunquam
899 907 1000 932 sumet
1016 912 1106 932 avara
1122 912 1241 931 manus.

416 959 499 990 Dum
516 970 546 989 se
564 958 755 990 Christicolae
770 963 922 994 sternunt,
939 968 1007 998 pars
1022 956 1163 998 perditur
1179 955 1231 986 illa

460 1015 561 1045 Terrae
572 1026 667 1057 parva
683 1025 772 1044 sacrae
788 1025 856 1055 quae
870 1012 964 1043 modo
980 1018 1084 1042 nostra
1099 1011 1168 1041 fuit.

417 1071 439 1102 J
442 1082 495 1101 ure
511 1069 714 1112 triumphales
726 1069 777 1099 hic
794 1068 862 1099 coeli
878 1067 980 1110 perdit
995 1067 1137 1104 honores,

460 1126 521 1166 Qui
537 1126 700 1168 plusquam
717 1125 829 1156 coelum
845 1130 941 1155 certat
956 1123 1069 1154 habere
1084 1122 1192 1154 solum.

421 1182 552 1214 Gentem
570 1181 686 1213 devicit
701 1181 878 1212 sceleratam
895 1190 971 1222 gens
987 1179 1142 1215 scelerata,

462 1238 603 1280 Utraque
619 1249 674 1268 nos
690 1237 757 1267 odit
773 1236 811 1267 ad
827 1236 924 1266 scelus
939 1246 1031 1266 omne
1047 1234 1126 1265 data.

419 1294 519 1325 Marte
537 1293 731 1325 Coresminos
747 1292 877 1334 abigunt
893 1291 1014 1322 feritate
1030 1290 1153 1332 lupinos

466 1349 546 1380 Saevi
563 1348 711 1387 Tartarei,
727 1359 803 1390 quos
819 1353 924 1378 movet
939 1347 983 1377 ira
1001 1346 1070 1376 Dei.

420 1404 550 1435 Damnis
565 1403 734 1434 vincuntur
750 1403 862 1434 nostris
875 1402 950 1433 dum
966 1408 1069 1432 nostra
1085 1400 1227 1431 feruntur

464 1460 502 1490 In
518 1460 596 1497 loca,
613 1459 786 1490 Jerusalem
803 1458 927 1496 mcenia,
940 1469 1037 1500 regna
1055 1457 1166 1488 Salem.

418 1516 502 1547 Fons
517 1516 630 1552 rivum,
647 1515 732 1546 rivus
748 1514 865 1545 fontem
882 1513 964 1555 rigat
979 1513 1077 1543 imbre
1094 1519 1232 1547 cruento,

412 1603 442 1611 κ
463 1572 547 1602 Dum
563 1582 640 1613 gens
655 1571 788 1601 alternat
807 1570 911 1601 Graeca
928 1569 1040 1599 Latina
1056 1580 1174 1599 necem.

377 1640 381 1644 ·
421 1627 481 1666 Qui
498 1627 582 1658 fovet
598 1626 769 1664 eeclesiam,
788 1625 841 1668 qui
858 1625 975 1655 clerum
993 1624 1109 1666 diligit,
1126 1630 1157 1655 et
1174 1624 1226 1665 qui

464 1683 575 1714 Pacem
591 1688 765 1725 perpetuat,
782 1693 844 1724 pax
861 1693 915 1712 sua
930 1681 1028 1711 salvat
1044 1691 1126 1711 eum.

421 1739 528 1770 Talem
543 1739 710 1782 praelustris
725 1750 756 1769 se
773 1737 995 1769 Constantinus
1012 1735 1155 1772 habebat,

459 1795 566 1826 Romae
584 1795 732 1826 Silvestro
744 1793 798 1835 qui
814 1792 955 1823 diadema
971 1791 1073 1822 dabat.

416 1851 504 1882 Heu!
528 1851 609 1881 mala
623 1858 699 1893 quot
715 1848 833 1880 faciunt
848 1848 965 1884 odium,
982 1847 1150 1889 suggestio,
1168 1846 1257 1883 livor,

458 1897 685 1944 Fastus‚‘fraus,
702 1905 832 1942 haeresis,
848 1904 926 1941 rixa,
940 1903 1063 1945 cupido,
1082 1902 1186 1933 scelus.

416 1961 553 1993 Affectat
568 1962 678 1993 mundi
694 1972 840 2004 pompam
856 1971 932 2002 gens
947 1958 1094 1995 maxima,
1112 1969 1166 2000 per
1181 1968 1273 1999 quam

458 2018 587 2061 Deperit
602 2025 638 2049 ut
655 2018 785 2049 Phineos
801 2023 832 2048 et
846 2023 933 2059 pater
948 2016 1014 2056 ejus
1030 2014 1124 2056 Hely.

417 2074 500 2105 Arca
517 2074 680 2105 Philistaeis
696 2073 794 2111 cessit,
812 2085 883 2103 cum
901 2072 1016 2102 Brutus
1032 2071 1065 2101 in
1081 2070 1154 2101 orbe

414 2172 442 2176 ἢ
461 2129 598 2161 Occiduo
615 2129 740 2171 Trojam
751 2129 882 2170 jusserat
897 2138 959 2158 esse
975 2137 1096 2157 novam.

415 2185 567 2216 Conditor
583 2185 660 2216 alter
675 2197 743 2216 eam
761 2184 990 2215 Trinovantum
1006 2181 1098 2219 dixit,
1116 2188 1147 2212 et
1163 2181 1240 2212 alter

464 2241 651 2279 Londoffias,
669 2240 779 2271 mundi
795 2239 894 2283 gloria
910 2250 999 2269 causa
1014 2237 1083 2268 fuit.

414 2296 556 2328 Cultores
573 2296 647 2327 fidei
661 2296 757 2327 timeo
773 2307 812 2326 ne
827 2294 926 2338 gloria
942 2292 1053 2324 mundi

465 2352 598 2390 Sternat,
615 2363 691 2393 quos
707 2351 781 2383 belli
796 2362 910 2393 pompa
925 2349 1041 2380 caduca
1057 2348 1149 2379 levat.

923 2415 941 2436 Ε

1480 420 1499 452 Ν)

1505 419 1524 451 C(

1544 2099 1599 2127 TfDe
1614 2100 1687 2122 Bruto
1699 2101 1739 2128 qni
1753 2100 1836 2122 funda-

1545 2133 1578 2154 vit
1591 2132 1733 2157 Londonias,
1742 2136 1764 2154 et
1778 2140 1844 2154 voca-

1545 2166 1576 2186 vit
1589 2172 1641 2187 eam
1650 2165 1744 2193 'frojam
1754 2173 1846 2187 novam.
