2105 2871
546 408 594 441 16

881 420 1082 446 JOHANNIS
1100 422 1153 447 DE
1173 422 1410 449 GARLANDIA

634 500 715 531 Urbs
729 501 835 532 Acron
850 502 924 533 belli
940 515 1043 534 causas
1059 504 1246 546 produxerat
1263 505 1348 543 olim,

676 556 760 587 Dum
777 558 981 600 crucesignati
998 559 1189 602 discrepuere
1206 561 1306 593 duces.

633 612 687 643 Ad
703 613 849 644 comitem
866 614 952 645 venit
964 626 1073 657 regum
1090 615 1237 647 dissentio
1253 617 1356 660 longa⁷

676 668 798 700 Nobilis
814 670 919 701 uxoris
935 682 1025 701 causa
1040 672 1186 703 movebat
1202 684 1283 704 eum.

634 723 720 754 Bella
736 724 803 754 viro
819 726 923 767 nupsit
941 726 1096 765 Ysabella,
1113 740 1222 770 parens
1235 735 1298 767 tua,
1314 737 1414 761 rector

677 779 866 822 Anglorum,
882 781 978 823 patris
994 788 1093 813 morte
1110 783 1209 814 soluta
1224 791 1292 822 tua;

634 835 695 866 Ista
710 848 847 879 propago
863 844 971 879 potens
987 850 1054 879 quae
1070 844 1164 869 terras
1179 839 1317 872 vindicat
1332 842 1434 879 armis,

676 891 859 923 Innumeros
876 892 967 924 fiir-iet
984 893 1045 924 fata
1061 895 1163 925 subire
1178 895 1270 927 viros.

632 946 717 977 Inter
733 958 763 978 se
778 954 896 978 certant
912 948 1008 979 nostri
1024 961 1205 981 concurrere
1222 963 1318 993 reges,

678 1002 760 1041 Quos
776 1003 888 1034 metuit
904 1004 981 1035 solos
997 1016 1073 1046 gens
1089 1005 1215 1036 inimica
1233 1006 1314 1044 Deo;

635 1058 695 1089 Sed
711 1064 814 1090 tamen
829 1070 955 1090 excessu
971 1069 1075 1091 nostro
1091 1062 1275 1105 quandoque
1291 1075 1345 1106 per
1360 1075 1444 1095 arma

678 1114 902 1154 Succumbunt‚
919 1117 987 1147 coeli
1004 1108 1057 1159 qui
1073 1117 1214 1149 diadema
1229 1126 1349 1161 petunt.

635 1169 706 1200 Heu
722 1171 864 1212 quotiens
880 1183 967 1214 reges
979 1180 1133 1215 pugnant,
1150 1173 1225 1205 hinc
1243 1174 1388 1212 Gallicus,
1405 1175 1478 1207 inde

676 1225 841 1268 Anglicus⁷
860 1227 1017 1259 eeclesiam
1034 1241 1139 1271 pugna
1155 1230 1332 1273 propinqua
1348 1238 1467 1274 gravat.

636 1281 721 1312 Saeva
739 1281 896 1313 Philisteis
912 1283 1042 1314 immisit
1058 1285 1183 1316 brachia
1203 1286 1364 1328 Sampson,

677 1337 792 1368 Contra
810 1338 1008 1370 Christicolas
1023 1339 1148 1371 brachia
1165 1348 1268 1372 nostra
1284 1342 1398 1373 valent.

635 1393 803 1424 Ecclesiam
820 1406 939 1441 semper
955 1395 1100 1427 foverunt
1115 1396 1178 1428 haec
1196 1397 1258 1429 duo
1274 1410 1380 1441 regna,

680 1449 739 1480 Sed
756 1449 848 1480 modo
865 1449 942 1481 fiens
958 1451 1080 1488 clamat,
1099 1455 1117 1469 “
1132 1453 1259 1494 parcite,
1277 1454 1370 1485 laedor
1386 1455 1499 1486 enim.''

635 1505 703 1536 Rex
720 1505 845 1536 Daclius
860 1518 1001 1548 pugnax,
1019 1514 1049 1538 ct
1064 1519 1120 1538 rex
1138 1508 1314 1552 Norvegius
1327 1510 1440 1548 audax,

682 1561 778 1592 Bellis
795 1561 922 1593 alternis
938 1569 1047 1593 mutua
1063 1575 1157 1605 regna
1173 1571 1294 1606 petunt.

635 1617 773 1648 Ascribit
789 1617 908 1660 cupidae
924 1619 1022 1649 menti
1038 1619 1124 1661 plebs
1140 1619 1220 1651 bella
1236 1621 1365 1659 moveri,

682 1674 754 1704 Pars
770 1674 845 1704 lieet¹
861 1674 993 1705 affirmet
1011 1675 1115 1706 onmia
1129 1676 1198 1717 jure
1215 1677 1292 1719 geri.

635 1730 790 1761 Turbatur
805 1742 867 1772 pax
883 1731 1025 1769 ecclesiae,
1043 1731 1177 1773 bellique
1192 1733 1358 1774 procellam

679 1785 793 1822 Sentit,
811 1786 998 1828 pauperibus
1014 1793 1097 1817 mota
1113 1787 1247 1829 procella
1263 1795 1363 1819 nocet.

635 1841 721 1872 Dum
738 1841 881 1883 generale
898 1841 956 1872 fleo
973 1841 1015 1872 sic
1032 1842 1190 1881 damnum,
1208 1843 1283 1874 dum
1300 1844 1440 1886 speciale,

680 1896 745 1926 Pax
762 1896 815 1926 ubi
831 1896 948 1927 stabilis
964 1908 1027 1927 11011
1043 1898 1177 1940 reperire
1193 1910 1283 1940 queo.

650 1952 744 1982 11311111
760 1952 923 1994 proscribit
939 1952 1050 1991 luctus7
1068 1954 1177 1985 luduin
1195 1955 1293 1993 dolor⁷
1310 1955 1355 1986 ira

679 2007 867 2044 Mammam,
884 2019 1027 2040 somnum
1044 2010 1169 2048 clamor,
1187 2011 1307 2054 agenda
1324 2020 1439 2055 stupor.

636 2063 730 2093 Fama
747 2063 841 2094 trucis
857 2063 929 2094 belli
948 2063 1077 2095 Parthos
1098 2065 1222 2096 extollit
1238 2073 1269 2097 et
1285 2074 1394 2105 armat,

681 2122 762 2158 Quos
778 2119 816 2150 ad
832 2119 912 2150 bella
929 2127 1019 2150 vocat
1032 2120 1128 2152 libera
1144 2121 1223 2152 facta
1239 2122 1299 2153 via.

638 2175 669 2206 Si
685 2175 796 2217 gladiis
811 2175 876 2206 istis
894 2175 1053 2207 incredula
1069 2177 1159 2208 turba
1175 2178 1299 2220 periret,

681 2232 852 2263 Gauderem
871 2245 877 2269 ;
895 2232 983 2263 doleo
1000 2233 1084 2275 quod
1099 2233 1150 2276 pia
1168 2234 1258 2265 turba
1272 2235 1362 2277 perit.

636 2287 793 2319 Marchius
810 2288 906 2331 Hugo
923 2301 1024 2319 comes
1040 2301 1145 2332 regem
1162 2290 1339 2322 comitando
1356 2291 1473 2322 feretur

679 2344 794 2375 Contra
811 2344 991 2376 Mensiticos
1006 2345 1038 2375 vi
1054 2345 1235 2377 dominante
1251 2346 1352 2378 duces.
