2105 2871
543 397 595 422 DE
614 395 836 422 TRIUMPHIS
855 393 1050 419 ECOLESIAE
1069 392 1183 418 LIBRI
1200 393 1304 419 OCTO.

404 480 463 518 Qui
480 480 538 510 sibi
554 479 623 510 vult
638 479 738 509 luctus
754 483 901 513 avertere,
919 475 1010 506 corda
1026 481 1168 506 serenent

447 535 529 566 Huic
545 534 669 565 divinus
684 543 768 563 amor
780 530 1022 572 obsequiumque
1038 530 1145 561 crucis.

408 590 620 622 succumbunt
636 588 744 620 animae
759 587 880 618 victrici
896 586 999 629 praelia
1015 592 1136 624 cuncta,

449 645 574 677 Summa
589 643 808 686 triumphantis
823 642 922 685 gloria
937 642 1024 683 cujus
1039 642 1106 672 erit.

406 701 542 732 Suffusos
556 699 699 742 lacrymis
714 699 791 730 mihi
808 699 934 729 dextera
948 698 1043 740 tergit
1059 697 1180 735 ocellos,

448 757 570 788 Risibus
585 762 616 786 et
627 755 769 797 lacrymis
785 755 876 785 debet
891 754 989 784 inesse
1006 753 1124 784 modus.

407 813 466 844 Sed
482 813 590 843 modus
606 812 639 842 in
655 812 801 843 scelerum
818 810 904 841 factis
920 809 1002 852 quod
1018 809 1115 840 nescit
1129 809 1246 846 haberi,

449 869 513 900 Vix
529 868 642 911 poterit
657 867 749 898 finem
765 867 905 909 planctus
920 865 1031 896 habere
1048 877 1146 896 suum.

405 925 521 967 Sponsa
536 923 741 966 triumphabit
756 923 788 953 in
805 922 898 960 coelis,
915 934 981 964 qua:
996 921 1103 952 domat
1117 921 1219 953 hostes

451 981 486 1011 In
503 981 600 1018 terris,
617 980 693 1011 risus
709 979 825 1010 excitat
840 990 913 1020 crgo
929 978 1016 1008 mihi.

408 1037 598 1079 Lugdunum
614 1036 699 1068 venit
715 1047 776 1078 quo
791 1041 912 1065 sanctus
928 1042 1065 1076 tempore
1081 1045 1168 1076 papa,

451 1092 519 1123 Hoc
535 1104 601 1123 mea
619 1091 749 1122 Parisius
765 1102 850 1121 musa
865 1090 1005 1121 trahebat
1021 1101 1105 1132 opus.

408 1148 494 1178 Mille
510 1147 689 1178 ducentenis
705 1147 860 1189 conjungo
877 1146 981 1176 decem
999 1151 1106 1187 quater
1122 1156 1228 1182 annos,

452 1204 591 1246 Virginis
606 1215 623 1234 a
639 1211 740 1246 partu,
756 1210 878 1244 tresque
895 1202 1032 1243 duosque
1047 1201 1120 1244 ligo.

408 1259 643 1302 Chronographi
655 1260 795 1302 jungunt
810 1270 961 1289 annorum
978 1257 1075 1288 millia
1091 1257 1226 1299 quinque

453 1315 554 1346 Annis
569 1315 615 1346 bis
632 1322 767 1352 centum,
785 1315 919 1346 demitur
931 1325 1010 1344 unus
1026 1313 1079 1351 eis⁷

408 1371 550 1413 Virginis
565 1371 603 1402 ad
619 1378 740 1414 partum
758 1377 804 1402 tot
819 1376 940 1413 ponunt
956 1369 1036 1400 orbis
1052 1369 1089 1399 ab
1106 1375 1175 1399 ortu

452 1427 569 1463 Annos,
586 1427 714 1458 ulterius
729 1433 869 1468 tempora
884 1432 966 1456 certa
981 1430 1099 1467 patent.

410 1482 492 1525 Papa
507 1483 581 1513 citat
596 1488 700 1513 contra
716 1482 868 1512 discordes
883 1481 995 1512 foedera
1010 1487 1149 1522 patrum3

452 1538 578 1575 Assum,
596 1543 626 1568 ct
640 1537 771 1568 redeunt
786 1536 985 1578 ecclesiasque
999 1541 1121 1576 regunt.

411 1593 521 1624 Praesul
540 1593 723 1624 Guillelmus
739 1598 769 1623 et
785 1591 984 1622 cancellarius
1007 1590 1092 1620 urbis

453 1649 560 1679 Petrus
577 1647 708 1679 Parisius
723 1648 868 1690 dogmata
883 1658 965 1678 sacra
980 1646 1092 1677 ferunt.

411 1704 556 1735 Doctores
572 1704 744 1746 reprimunt
759 1703 869 1734 mundi
886 1702 978 1740 mala,
995 1714 1062 1744 quae
1078 1702 1137 1733 nisi
1152 1702 1256 1733 crebro

452 1760 658 1802 Corriperent‚
674 1759 750 1790 recti
765 1771 856 1790 nemo
872 1765 987 1789 teneret
1004 1758 1071 1789 iter.

411 1816 512 1847 Annis
527 1815 680 1858 praedictis
696 1815 824 1846 Domini
839 1814 989 1845 ternarius
1004 1814 1085 1851 assit,

454 1872 507 1902 Ad
523 1872 650 1914 pelagus
664 1876 830 1913 properant
845 1870 982 1911 undique
997 1869 1084 1911 signa
1100 1867 1206 1899 crucis.

411 1927 538 1959 Civibus
552 1927 624 1958 urbs
642 1927 757 1958 Parmae
774 1925 930 1956 Frederici
946 1931 1080 1956 sternere
1095 1924 1227 1966 palmam

455 1984 584 2021 Gaudet,
601 1990 633 2014 et
647 1983 809 2014 innumera
824 1987 925 2024 strage
940 1980 1047 2022 fugare
1062 1980 1182 2011 ducem.

413 2039 573 2070 Praefertur
587 2039 668 2070 bello
684 2038 819 2070 victricis
834 2038 936 2080 imago
954 2037 1068 2073 Mariae,

455 2095 576 2137 Datque
592 2106 658 2125 suas
674 2095 753 2126 vires
764 2094 876 2137 praevia
891 2094 980 2136 virgo
995 2093 1079 2124 viris.

413 2150 506 2192 Regis
520 2150 684 2192 praelustris
698 2157 813 2181 sacrata
828 2149 942 2192 capella
958 2149 1073 2180 ferebat

457 2206 589 2236 Parisius
604 2206 709 2236 naeniae
724 2217 852 2236 munera
867 2205 953 2247 larga
968 2216 1063 2235 novae.

415 2262 508 2293 Omni
523 2262 591 2292 lucc
606 2273 660 2303 per
675 2268 744 2292 octo
760 2261 833 2299 dies,
850 2267 1026 2303 septemque
1042 2259 1208 2301 decemque

457 2317 574 2354 Annos,
592 2324 622 2347 et
638 2316 737 2347 decies
751 2323 882 2358 quatuor
893 2315 970 2346 adde
986 2315 1060 2354 dies,
