2105 2871
541 388 587 412 DE
607 387 829 412 TRIUMPHIS
844 386 1040 411 ECCLESIAE
1060 386 1174 410 LIBRI
1192 386 1295 411 OCTO.

417 471 557 501 Esuriens
572 470 729 500 hominem
746 468 878 499 corrodit
894 467 1001 505 homo;
1014 468 1061 498 leo
1077 468 1180 498 nullus

456 525 554 556 Carne
570 525 691 556 leonina
706 524 821 555 viscera
837 524 907 554 laxa
922 523 1028 565 replet.

416 580 485 611 Non
502 581 592 623 lupus
607 592 712 622 ungue
728 580 836 622 lupum
853 580 976 616 lacerat,
993 591 1069 621 gens
1084 579 1141 610 ista
1157 579 1289 610 colurnis

458 636 492 666 [n
511 636 630 667 veribus
645 636 738 666 vertit
754 635 889 666 membra
906 642 1012 666 veruta
1028 636 1104 667 foco.

414 691 539 722 Famam
558 691 710 733 Virgilius
725 698 896 722 monstrum
913 691 1055 734 depingit
1069 691 1181 723 habere

456 746 519 777 Sub
536 746 649 788 plumis
665 746 768 777 oculos
783 747 1000 789 instabilesque
1016 748 1143 790 gradus;

415 802 462 832 Illi
478 802 562 832 mille
578 802 663 833 dedit
678 802 800 845 linguas
816 802 963 844 figmenta
979 803 1147 845 loquentes,

455 858 550 889 Falsis
567 858 729 889 fermentat
745 859 787 889 sie
804 858 895 889 modo
911 871 981 890 vera
998 859 1119 901 loquax.

412 913 518 955 Fingit
536 913 614 944 fama
631 921 731 944 tamen
748 913 885 955 quaeclam
901 914 1069 945 conformia
1085 927 1167 952 vero,

456 970 534 1000 Nam
551 969 628 1000 mihi
645 981 699 1012 pro
715 978 798 1000 certo
814 970 970 1012 presbyter
986 970 1042 1001 ista
1056 971 1135 1001 tulit:

415 1026 607 1067 Presbyteros
624 1033 709 1056 terrae
725 1032 932 1068 prosteruunt,
951 1026 993 1056 sic
1010 1025 1196 1068 crucifigunt

458 1081 527 1111 Illos
544 1088 716 1123 prostratos,
733 1081 972 1123 excruciantque
988 1081 1052 1112 diu.

414 1136 525 1167 Matres
541 1136 696 1174 occidunt,
713 1148 881 1179 parvosque
896 1149 950 1179 per
966 1138 1059 1168 ubera
1077 1144 1209 1168 matrum

455 1192 587 1230 Flentes,
604 1193 778 1229 clamantes,
796 1193 849 1229 irc,
867 1194 975 1235 perire,
992 1194 1105 1225 sinunt.

412 1249 478 1279 Hae
490 1249 608 1279 feritate
624 1248 714 1279 refert
728 1248 783 1279 hos
801 1250 878 1280 fama
894 1250 1003 1281 bibisse
1018 1251 1167 1282 medullas

456 1304 624 1342 Humanas,
643 1305 744 1336 feritas
759 1306 841 1347 quod
858 1306 954 1337 scelus
970 1307 1026 1337 ista
1042 1307 1139 1338 timet.

413 1361 463 1391 Sic
478 1372 518 1391 ex
533 1372 674 1392 concesso
692 1361 725 1391 fit
739 1361 818 1391 fama
834 1361 1008 1403 sophistica,
1026 1362 1108 1393 (licet

458 1417 510 1447 Nil
528 1423 632 1447 contra
648 1417 781 1459 positum
798 1417 836 1447 ‹jle
852 1417 971 1448 feritate
987 1418 1122 1460 loquens.

414 1472 556 1514 Pingues,
573 1479 603 1503 et
619 1479 747 1511 teneros,
765 1479 795 1503 et
811 1473 924 1509 molles,
942 1480 973 1504 et
988 1485 1159 1514 generosos,

455 1528 495 1558 Et
511 1527 663 1570 pulchros,
680 1528 790 1559 horum
806 1540 861 1559 rex
877 1529 980 1571 coquit
992 1529 1065 1571 igne
1080 1529 1147 1560 sibi.

414 1584 501 1614 Plebs
516 1590 603 1614 vorat
619 1595 757 1622 annosos,
771 1584 886 1626 nigros²
901 1585 1003 1622 duros,
1021 1585 1179 1622 scabiosos,

455 1639 608 1676 Hirsutos,
627 1640 781 1676 tremulos,
799 1640 857 1671 hoc
872 1652 928 1671 nec
945 1640 1087 1671 abhorret
1104 1653 1190 1684 opus.

412 1695 501 1734 Quod
517 1696 653 1738 sequitur
668 1707 738 1726 vere
754 1696 880 1733 faciunt,
894 1696 1056 1728 muliebria
1070 1704 1213 1728 truncant

454 1751 596 1789 Guttura,
613 1760 680 1794 post
695 1752 815 1783 veneris
829 1764 954 1795 corpora
966 1753 1075 1794 juncta
1090 1765 1157 1784 suae.

412 1808 540 1838 Turmas
557 1808 691 1838 Tartarei
709 1808 799 1839 variae
814 1814 954 1839 statuunt
970 1809 1056 1846 aciei,

454 1863 509 1894 Hii
525 1870 596 1894 sunt
612 1863 729 1894 funerei
744 1875 819 1906 quos
835 1870 939 1895 movet
954 1864 997 1894 ira
1014 1865 1082 1895 Dei.

411 1919 536 1950 Tartara
552 1919 701 1950 miserunt
717 1919 781 1957 hos,
799 1919 858 1950 hiis
870 1919 947 1960 justi
963 1920 1130 1962 perierunt,

453 1974 567 2006 Omnia
583 1975 656 2006 dum
674 1982 823 2017 quaerunt,
840 1975 919 2006 bella
935 1987 1102 2018 necemque
1117 1983 1238 2018 gerunt.

413 2031 466 2061 Hii
483 2031 554 2073 quia
569 2038 641 2062 sunt
656 2031 715 2062 diri
730 2038 888 2073 nequeunt
903 2031 1017 2073 pictate
1033 2032 1133 2073 poliri,

454 2086 523 2117 Hiis
537 2087 654 2129 periere
669 2087 754 2129 Tyri,
774 2087 993 2129 Pergameique
1009 2087 1076 2118 viri.

411 2142 471 2174 Cor
486 2142 638 2185 gustando
655 2142 763 2181 ferum,
782 2143 870 2173 foetus
885 2149 1030 2173 truncant
1046 2143 1221 2180 mulierum,

454 2199 610 2235 Sanctum,
628 2210 676 2228 me
691 2198 846 2236 miserum,
862 2210 924 2229 non
942 2206 1126 2229 venerantur
1140 2199 1259 2230 herum.

413 2254 478 2285 Hac
493 2262 537 2285 est
552 2260 678 2296 experta
692 2254 783 2297 plaga
798 2255 996 2285 succumbens
1014 2254 1157 2291 Borealis,

457 2309 502 2340 De
514 2310 607 2340 tantis
623 2316 704 2340 certa
720 2316 834 2351 quanta
847 2321 970 2340 renarro
986 2311 1082 2341 malis.

1444 378 1505 410 ΠΙ

1525 681 1538 708 {1
1554 681 1635 708 Qualis
1646 686 1678 703 est
1691 682 1752 703 fama

1524 714 1654 735 seeundum
1668 714 1800 743 Virgilium.
