2105 2871
283 881 341 903 220

531 406 584 430 DE
602 405 829 449 TRIUMPHIS
847 405 1046 431 ECCLESIAE
1064 407 1180 433 LIBRI
1199 407 1304 433 OCTO.

406 488 432 518 F
434 489 547 519 oemina
563 487 728 530 praevalida
745 487 898 529 Nycolam
917 488 1080 519 Liucolnia
1096 489 1183 527 dicit,

452 544 519 575 Stat
534 556 591 586 pro
607 555 680 586 rege
695 555 762 581 SUO,
779 543 822 581 vi,
839 544 1004 586 probitate,
1021 543 1091 575 fide.

408 600 479 630 Heu
495 599 601 630 dolus!
617 599 667 630 hic
683 599 798 642 largus,
815 600 867 631 hic
882 600 981 638 fortis,
998 601 1096 632 tincta
1112 613 1233 632 veneno

451 655 570 686 Pessica
586 655 751 693 consumit,
769 662 799 686 et
815 656 866 686 lue
882 657 1001 687 ventris
1016 657 1090 688 obit.

408 710 496 742 Sicut
511 711 548 742 de
564 710 629 742 lino
644 710 816 741 tenduntur
831 711 884 742 fila
898 711 1038 749 reducto,

449 766 576 798 Casibus
592 778 632 798 ex
647 767 741 798 variis
757 767 860 798 ethica
875 768 959 799 dicta
974 767 1074 799 traho.

406 822 490 853 Hinc
505 823 608 865 gravis
624 823 757 866 emergit
772 823 882 866 elegia,
900 835 972 854 nam
989 824 1166 866 gladiorum

449 878 595 909 Officium
611 886 766 921 peragunt
782 879 887 910 toxica
902 879 1003 910 mixta
1019 879 1106 911 cibis.

407 934 487 966 Sunt
503 935 633 966 ducibus
648 935 815 966 metuenda
831 935 903 973 duo,
921 935 1080 978 suggestio
1096 947 1200 978 prava,

448 990 543 1021 Virus
559 997 590 1021 et
605 991 778 1028 occultum;
795 1003 877 1022 mors
892 991 925 1021 in
941 997 1074 1033 utroque
1090 992 1175 1022 latet.

405 1046 527 1077 Occidit
542 1047 627 1077 virus
643 1047 768 1084 multos,
786 1047 946 1089 suggestio
961 1047 1076 1089 plures,

449 1103 526 1134 Inde
542 1115 597 1146 per
612 1102 741 1134 effectus
757 1110 802 1134 cst
818 1115 852 1134 ea
868 1104 956 1146 pejor
971 1115 1017 1135 eo.

405 1159 477 1190 Post
493 1166 625 1190 mortem
641 1159 722 1201 regis
737 1159 888 1190 baronum
905 1159 1043 1190 maxima
1059 1166 1174 1202 strages

449 1215 663 1257 Subsequitur,
680 1215 806 1246 domina
822 1215 1065 1258 praedominante
1081 1216 1186 1258 proba.

404 1271 494 1302 Illam
507 1272 658 1312 juverunt
674 1271 802 1313 regales,
820 1271 925 1308 Falco,
943 1282 1105 1313 comesque

447 1327 637 1364 lVillelmus,
654 1327 742 1367 cujus
758 1333 804 1358 est
819 1326 996 1358 veneranda
1012 1327 1097 1358 fides.

403 1384 465 1415 Hic
480 1384 552 1426 quia
569 1383 747 1414 Londonias
763 1384 892 1422 obsedit,
910 1384 983 1415 fecit
999 1390 1030 1415 et
1044 1383 1147 1415 hostes

397 1479 407 1482 -
446 1439 575 1470 Viribus
590 1439 665 1470 hinc
680 1439 771 1481 regni
786 1439 874 1470 fortis
890 1440 974 1470 abire
990 1451 1068 1470 suos.

403 1496 520 1527 Caetera
535 1495 588 1526 sed
603 1502 690 1526 taceo
707 1507 767 1536 qua
783 1495 963 1526 conditione
978 1496 1112 1533 recessit,

447 1552 583 1583 Gallicus
597 1551 672 1582 hinc
687 1551 794 1589 haeres,
810 1552 897 1594 plebs
913 1552 985 1594 quia
1001 1551 1091 1583 novit
1107 1563 1185 1583 eam,

402 1609 641 1651 Magnanimum
660 1607 786 1649 quidam
806 1607 1003 1638 Ludovicum
1020 1607 1145 1650 quando
1162 1607 1343 1649 relinquunt

446 1665 560 1696 Contra
576 1664 771 1707 promissum,
788 1663 941 1694 claudicat
956 1675 1037 1705 aegra
1053 1675 1172 1694 manus,

403 1721 524 1752 Profuit
540 1721 690 1752 adventus
708 1719 872 1757 Ludovici,
889 1730 929 1750 ne
945 1719 1075 1750 violaret

445 1777 544 1819 Regia
559 1777 606 1808 vis
621 1788 760 1819 proceres
775 1775 933 1817 exilioque
949 1775 1044 1806 daret.

402 1832 486 1863 Patri
502 1832 667 1863 succedens
684 1831 849 1868 Henricus,
866 1831 1013 1861 vendicat
1029 1830 1121 1861 armis

446 1888 502 1919 Ina
518 1899 614 1918 manu
629 1887 701 1918 forti
717 1899 783 1929 quae
800 1886 981 1918 Ludovicus
996 1886 1099 1917 habet.

402 1944 464 1975 Hic
482 1943 659 1974 Ludovicus
675 1950 741 1974 erat
758 1942 911 1973 Ludovici
928 1941 1020 1979 filius,
1037 1942 1129 1973 armis

445 1999 541 2040 Cujus
557 1999 719 2030 succubuit
735 1998 905 2030 Avinionrs
920 1998 1031 2035 honor,

401 2056 449 2087 De
467 2055 687 2098 Longocampo
703 2054 833 2086 florebat
849 2054 1011 2097 quando‘J
1013 2053 1160 2089 ohannes,

444 2111 541 2153 Cujus
557 2123 619 2142 non
635 2112 727 2142 debetv
742 2112 841 2154 gloria
856 2111 950 2153 longa
966 2109 1055 2141 mori.

400 2168 478 2209 Ejus
494 2167 675 2198 scutiferum
692 2174 798 2198 movet
815 2166 939 2209 Anglos
955 2165 1093 2208 undique
1109 2165 1295 2207 plaustrum,

445 2223 645 2265 Tyronesque
660 2223 772 2265 probos
787 2234 892 2253 mensa
908 2221 1043 2252 rotunda
1059 2221 1178 2262 probat.

400 2279 492 2310 Disce
508 2279 699 2321 parentelam
716 2290 827 2321 regum
843 2278 897 2320 qui
912 2288 1037 2308 noscere
1054 2276 1174 2319 quaeris,

444 2334 534 2365 Heu!
559 2334 781 2376 consanguinei
798 2346 859 2365 non
877 2334 954 2364 bene
970 2333 1050 2364 bella
1067 2339 1204 2363 movent.

1470 401 1489 433 εἰ

1494 401 1514 433 0(

1530 1505 1547 1533 Ἡ
1562 1505 1597 1527 De
1611 1505 1666 1534 fuga
1679 1505 1805 1526 Lodmviui.
