2105 2871
503 399 554 422 DE
573 397 797 422 TRIUMPHIS
818 396 1013 421 ECCLESIAE
1028 395 1143 419 LIBRI
1162 394 1266 419 OCTO.

365 480 557 522 Frangentes
573 480 670 521 igitur
685 490 791 521 pac-em
808 477 984 508 maledictio
1001 478 1131 518 franget,

409 536 513 566 Gratia
529 547 585 566 nee
602 536 711 565 fractos
727 546 793 576 quae
809 533 961 576 reparabit
977 533 1044 563 erit.

366 591 517 622 Nonnulli
534 591 662 621 densant
678 590 756 620 acics
771 589 889 620 telluris
904 600 1016 625 amore,

408 646 479 677 Non
496 646 578 682 coeli;
594 646 741 687 linquunt
756 644 855 681 firma,
872 645 986 675 caduca
1002 650 1121 686 petunt.

366 701 420 732 Est
434 701 526 732 hodie
542 700 658 731 venalis
673 712 767 737 amor,
782 700 985 742 simulataque
1000 700 1108 737 virtus,

408 756 449 787 Et
464 756 506 787 sic
522 768 574 799 spe
590 756 667 786 111011
684 756 775 786 falsus
791 756 907 787 amicus
924 755 992 786 erit.

366 812 421 842 Est
436 812 545 854 aliquis
556 812 640 853 juste
656 824 809 855 pugnans,
827 812 879 843 sed
896 824 967 843 eum
984 811 1068 853 rigor
1084 811 1163 842 ultra

407 868 429 899 J
432 879 466 899 us
482 868 586 906 trahit,
603 875 634 899 et
648 881 773 911 poscens
789 869 867 910 plus,
883 868 965 910 capit
980 868 1052 898 inde
1069 867 1180 898 minus.

366 924 448 954 Dum
464 924 560 955 sulcat
576 924 706 966 cupidus
721 931 845 961 terram,
863 924 957 955 verrit
973 935 1066 960 mare,
1083 924 1215 966 praedam

409 980 470 1010 Hie
486 986 517 1010 et
532 980 575 1011 ibi
592 981 710 1022 quaerit,
727 981 919 1023 ulteriusque
936 981 1013 1011 sitit.

368 1037 449 1067 Aera
465 1043 628 1079 temptaret
644 1037 816 1079 coelumque
833 1037 979 1068 invadere
995 1036 1098 1072 vellet,

411 1092 443 1123 Si
459 1092 589 1135 cupidus
605 1093 681 1123 eoelo
697 1099 797 1135 posset
812 1093 923 1124 habere
939 1092 1031 1122 viam.

364 1146 465 1177 Noxia.
481 1159 545 1177 nox
562 1148 677 1178 baratri
693 1147 875 1178 scandentes
891 1147 994 1178 taliter
1010 1158 1117 1177 omnes

411 1202 530 1239 Sorbet,
548 1203 580 1233 in
596 1203 739 1245 exemplo
758 1203 882 1234 Lucifer
897 1215 959 1234 esse
975 1210 1084 1245 potest.

368 1257 418 1288 Sic
433 1257 543 1299 aliquis
558 1264 654 1289 metas
669 1265 823 1301 temptans
839 1259 997 1296 excedere,
1014 1264 1095 1289 retro

411 1313 550 1351 Labitur,
566 1320 597 1344 et
613 1314 715 1356 perdit
730 1314 783 1356 qui
799 1314 857 1345 sibi
873 1323 984 1345 cuneta
998 1314 1086 1356 petit.

355 1360 449 1400 ν8111113
464 1381 604 1411 proceres
619 1369 745 1411 quidam
761 1369 917 1411 privantes
928 1370 999 1410 jure
1015 1376 1136 1400 vetusto

412 1424 589 1461 Ecclesiam,
607 1424 712 1455 matris
728 1437 785 1456 nee
800 1425 965 1456 maledicta
980 1424 1103 1456 timent.

368 1481 477 1512 Nudus
493 1481 547 1523 qui
562 1481 659 1520 venit,
676 1481 779 1512 nudus
795 1482 941 1520 discedet,
957 1481 1119 1512 honestam

410 1537 495 1568 Huic
510 1537 569 1568 nisi
585 1537 741 1568 texuerint
758 1536 865 1567 inclita
880 1536 958 1567 laeta
974 1543 1088 1578 togam.

371 1592 453 1622 Inter
468 1592 547 1623 bella
563 1592 657 1623 fames
673 1591 860 1629 dominatur,
877 1591 1028 1634 planetus,
1046 1598 1174 1634 egestas,

411 1647 568 1685 Formido,
585 1648 687 1685 luxus,
704 1647 794 1684 fraus,
808 1647 916 1685 scelus,
933 1647 987 1684 ira,
1004 1647 1087 1688 fuga.

370 1703 481 1734 Nescio
496 1715 557 1746 quo
572 1709 683 1740 vertar,
701 1715 790 1745 aqua,
808 1702 943 1742 flamma,
960 1703 1077 1745 rapina,
1095 1703 1194 1740 ruina,

414 1758 597 1795 Occurrunt,
614 1765 645 1789 et
660 1758 754 1789 habet
769 1769 850 1789 mors
866 1770 945 1800 vaga
962 1759 1046 1789 mille
1063 1758 1135 1789 vias.

370 1815 530 1846 Materiale
547 1814 640 1845 modo
655 1814 783 1851 bellum,
800 1813 893 1844 modo
909 1814 979 1844 dieo
995 1814 1130 1844 vicissim

414 1870 589 1912 Spirituale,
606 1869 704 1912 gemit
719 1869 857 1911 undique
872 1869 978 1911 pulsus
992 1869 1094 1900 homo.

370 1926 528 1968 Nusquam
544 1932 611 1956 tuta
627 1925 722 1967 quies,
740 1937 889 1967 nusquam
906 1937 978 1967 pax,
995 1925 1067 1956 hinc
1084 1927 1197 1968 premit
1213 1927 1302 1965 ensis,

412 1982 495 2013 Hinc
511 1982 623 2012 vitium
641 1988 727 2012 natos
741 1982 857 2022 dejicit,
875 1981 952 2019 Eva,
970 1990 1049 2013 tuos.

370 2038 456 2068 Inter
470 2038 551 2068 bella
566 2037 639 2068 mali
655 2038 766 2068 nolunt
781 2044 905 2080 peecata
922 2038 1020 2075 fateri,

413 2093 538 2123 Poenam
550 2093 743 2135 jungendam
759 2093 812 2134 qui
828 2093 960 2124 timuere
976 2093 1042 2124 sibi.

371 2149 487 2190 Purgat
502 2159 592 2190 poena
606 2147 682 2178 levis
698 2148 812 2190 culpas,
830 2148 978 2179 confessio
994 2149 1018 2179 si
1035 2149 1073 2180 sit

415 2204 542 2241 Praevia,
559 2204 711 2234 comessor
726 2204 751 2234 si
767 2204 859 2235 modo
875 2204 982 2235 doctus
999 2205 1066 2236 erit.

370 2260 487 2290 Doctus
502 2259 629 2290 terrebit
645 2266 743 2297 caute,
760 2259 934 2301 blandeque
951 2261 1100 2298 monebit,

416 2315 576 2356 Presbyter
591 2315 629 2345 ad
645 2314 753 2345 fletum
770 2321 919 2357 temperat
936 2315 1000 2358 ipse
1016 2325 1143 2347 metum.

1407 384 1480 417 119

1490 591 1507 619 ῚῘ
1520 591 1555 613 De
1566 592 1702 620 cupiditate,
1715 594 1737 613 et
1750 592 1778 612 de

1489 625 1539 653 ejus
1551 624 1724 653 dampnatione.

1489 1827 1510 1852 ἺῘ
1525 1827 1560 1848 De
1572 1827 1732 1856 spiritualibus

1489 1860 1564 1881 hellis.
