2105 2871
279 1124 329 1148 '7713

516 430 568 455 DE
587 428 813 454 TRIUMPHIS
832 427 1028 452 ECCLESIAE
1048 425 1162 450 LIBRI
1182 424 1286 450 OCTO.

397 512 500 543 Tertia
516 511 659 548 nobilior,
676 510 714 540 de
730 521 790 552 qua
806 510 874 551 plus
889 509 1003 545 tristor,
1020 507 1148 538 habebit

438 568 550 605 Grana,
567 578 643 604 sues,
660 566 772 608 paleas,
789 565 852 596 haec
869 565 926 596 tria
943 564 1044 594 danda
1059 563 1156 594 neci.⁷’

397 625 481 656 Urbe
497 623 665 654 Biterrensi
680 634 770 653 cruor
785 628 821 652 ut
837 621 984 652 fundatur
999 620 1126 657 habete3

438 680 483 711 Ut
500 680 681 712 Carcassona
697 678 812 709 cernite
828 677 936 708 reddat
953 689 1038 715 aves;

396 736 507 772 Grana,
523 746 600 772 sues,
617 734 720 776 paleae,
737 733 927 776 praetendant
944 732 1020 775 quid
1036 732 1095 763 sibi
1111 730 1251 762 nondum

439 791 539 823 Sentit
556 790 703 827 Tholosa3
719 789 830 820 sentiet
847 789 899 820 illa
916 795 1031 820 tamen.

397 848 468 878 Pars
486 846 645 878 Saturnini
660 845 757 876 sancti
773 844 918 887 suffragia
935 851 1046 886 sperat,

439 903 500 942 Qui
515 910 603 934 tauro
619 902 702 933 mitis
718 913 735 932 a
750 908 837 932 truce
852 907 967 932 tractus
983 908 1057 931 erat.

398 959 539 991 Ecclesiae
554 959 686 1002 primam
702 958 835 1000 vigilans
850 957 1003 988 exereitus
1019 956 1127 993 ambit,

439 1015 591 1058 Expulsat
607 1026 710 1045 muros
726 1013 869 1044 machina
886 1013 990 1044 crebra
1006 1024 1085 1043 suos.

398 1071 555 1102 Emittunt
570 1082 641 1101 saxa
657 1070 748 1107 cives,
764 1069 918 1107 incendia,
935 1069 1010 1106 tela3

440 1127 493 1157 Ad
507 1132 607 1168 partes
623 1125 725 1156 ambas
741 1136 822 1155 mors
838 1124 996 1155 dominata
1011 1123 1104 1154 volat.

399 1182 517 1213 Interea
532 1181 614 1224 pacis
630 1180 764 1223 prudens
780 1179 895 1222 legatio
912 1190 1018 1221 pacem

441 1236 620 1274 Constituit,
636 1244 736 1278 partes
752 1235 849 1265 foedus
864 1242 1008 1276 utrasque
1024 1233 1110 1276 ligat.

398 1294 496 1324 Extra
511 1293 614 1335 legato
629 1300 787 1334 praesente,
806 1291 945 1333 Rogerus
961 1290 999 1321 ab
1015 1290 1091 1320 urbe

442 1348 528 1386 Exit,
546 1355 575 1379 et
591 1348 629 1379 ad
645 1359 751 1390 pacem
768 1347 869 1378 tendit
885 1354 1029 1388 utrasque
1047 1356 1164 1376 manus,

400 1404 460 1435 Hic
475 1403 658 1441 custoditur,
675 1403 727 1434 sed
743 1414 797 1445 per
813 1414 843 1433 se
860 1402 972 1444 vulgus
988 1401 1021 1432 in
1036 1401 1143 1432 urbem

441 1460 605 1497 Densatur‚
621 1465 748 1490 cunctos
764 1458 795 1488 vi
812 1458 893 1496 serit,
909 1469 980 1488 ense
995 1457 1080 1488 furit.

400 1515 460 1554 Qui
475 1521 602 1557 potuere
617 1514 696 1544 mori
710 1513 894 1551 moriuntur,
912 1513 1055 1555 quaelibet
1069 1518 1139 1543 aetas

441 1570 502 1601 Hie
517 1569 658 1605 moritur,
675 1575 805 1600 mortem
822 1580 912 1599 sexus
929 1574 1057 1609 uterque
1073 1567 1162 1598 subit.

399 1626 482 1657 Dum
498 1625 576 1656 nulli
591 1624 689 1667 parcit
705 1624 838 1666 gladius,
855 1623 1009 1654 medicina
1025 1629 1166 1664 vagatur,

393 1721 400 1724 -
442 1681 586 1723 Dumque
602 1680 682 1723 perit
697 1679 802 1722 gladio
818 1691 889 1710 cum
905 1679 955 1709 lue
971 1690 1047 1721 pura
1063 1690 1142 1715 caro,

400 1737 478 1768 Aras
493 1736 625 1768 ecelesiae
641 1747 730 1766 cruor
745 1735 824 1766 altus
840 1734 982 1771 inebriat,
999 1734 1084 1765 urbis

443 1793 501 1823 Per
515 1792 600 1823 vicos
615 1798 731 1823 torrens
746 1790 844 1821 imbre
859 1790 988 1820 rubente
1004 1788 1082 1820 fluit.

400 1848 559 1891 Inplumes
574 1847 689 1878 emittit
704 1858 784 1884 aves,
802 1845 900 1876 nudos
916 1845 980 1876 sine
996 1845 1085 1876 rebus

443 1904 624 1936 Carcassona
640 1903 732 1940 viros,
749 1913 801 1944 spe
817 1901 966 1932 volitante
981 1901 1073 1932 leves.

401 1960 506 1991 Armis
521 1958 652 1990 dimissis
667 1958 768 1989 abiere
782 1969 837 1999 per
852 1956 930 1993 avia,
947 1956 1018 1986 vitre

444 2015 572 2046 Munere
588 2013 736 2051 contenti,
753 2024 810 2044 nee
825 2011 941 2043 rediere
957 2011 1026 2042 viri.

403 2071 473 2102 Hiis
488 2069 703 2112 cruce-signati
719 2068 812 2111 gestis
827 2067 866 2098 ad
881 2066 1004 2109 propria
1019 2066 1166 2102 tendunt;

446 2127 576 2164 Uxores⁷
592 2131 689 2163 natos,
705 2136 786 2162 rura,
802 2124 938 2165 laresque
954 2128 1073 2164 petunt.

405 2182 465 2214 Sed
479 2187 617 2213 remanet
635 2180 752 2222 Symon
767 2190 869 2210 comes
884 2177 944 2208 hiis
961 2177 1154 2219 Leycestrius
1170 2176 1261 2213 horis,

446 2238 548 2279 Hujus
564 2235 754 2267 Mons-fortis
769 2235 807 2266 de
823 2234 940 2265 ditione
955 2233 1022 2264 fuit.

404 2293 548 2325 Ecclesiae
562 2303 651 2323 sacrae
667 2291 789 2322 decreto
804 2290 934 2321 sareulat
949 2289 1057 2320 herbas

447 2348 595 2380 Messibus
610 2347 741 2378 eeclesiae
757 2358 823 2388 quae
839 2344 1025 2377 dominando
1041 2351 1162 2375 nocent.

899 2411 918 2431 L

1451 412 1496 449 73
