2105 2871
562 401 613 425 DE
633 400 855 425 TRIUMPHIS
875 400 1070 425 ECCLESIAE
1089 400 1202 424 LIBRI
1221 400 1324 425 OCTO.

449 481 609 512 Corbanan
625 488 782 524 exponant
797 482 923 524 praelati,
940 493 1001 512 non
1019 481 1090 512 licet
1106 481 1166 512 illis

492 537 641 568 Claudere
656 537 833 568 thesaurum
851 537 903 568 sed
918 549 1049 568 reserare
1066 537 1142 568 Deo.

451 594 615 636 Sanguinis
632 594 772 636 Assyrias
788 594 841 625 ubi
858 594 953 625 tinxit
969 606 1104 637 purpura
1121 594 1236 631 Carras,

492 649 681 687 Quadratum
697 656 827 680 castrum
845 650 970 681 suscitat
986 662 1076 681 omne
1092 650 1195 681 scelus.

449 706 570 735 Aurum
589 705 733 736 bullitum
751 705 829 736 bibit
845 706 907 736 illic
925 706 1058 743 Crassus
1075 712 1106 736 et
1121 706 1184 737 illic

490 760 623 803 Magnus
641 761 804 803 Pompeius
821 761 1010 804 decapitatus
1026 768 1097 792 crat.

448 816 602 847 Romanos
618 818 718 848 vetuit
736 817 857 848 Pharon
874 818 1046 860 inpugnare
1065 818 1181 854 Sibilla⁷

491 872 590 903 Docto
606 873 780 915 concipiens
796 880 917 915 pectore
934 874 994 904 sata
1013 885 1075 904 suo.

449 927 520 958 Non
536 927 600 959 haec
616 928 677 959 fata
692 936 795 959 tamen
811 941 866 960 nos
882 936 1024 972 tangunt,
1041 941 1096 959 nos
1111 930 1181 971 quia
1198 936 1298 960 noster

493 983 629 1014 Salvabit
646 984 777 1026 Moyses,
796 985 935 1016 Christus
951 985 1064 1027 ubique
1079 992 1196 1028 potens.

450 1039 532 1081 Papa
548 1040 628 1082 regit
646 1040 728 1071 Petri
744 1053 867 1078 navem⁷
885 1054 1088 1084 rumpensque
1104 1042 1260 1084 procellas,
1280 1046 1283 1048 ’

492 1095 596 1126 Litora
613 1096 731 1126 difficili
747 1103 813 1126 tuta
829 1096 931 1127 labore
946 1096 1031 1138 petit.

450 1151 557 1182 Sortiti
572 1163 684 1183 nomen
702 1152 754 1193 qui
771 1159 841 1182 sunt
857 1164 873 1182 a
889 1152 1022 1190 cardine,
1039 1164 1159 1183 cursum

490 1207 584 1237 Navis
600 1207 769 1238 rectificant
785 1208 978 1250 ecclesiaeque
994 1215 1117 1239 statum.

449 1262 535 1293 Aura
550 1264 626 1293 sacri
642 1263 733 1294 flatus
749 1264 927 1306 tranquillat
942 1271 1089 1306 tempora,
1108 1272 1228 1306 portum

491 1318 611 1349 Iudicat
627 1331 749 1350 occasus
765 1320 864 1350 nescia
881 1320 967 1350 stella
983 1320 1083 1350 maris.

450 1374 590 1405 Ecclesiae
606 1382 714 1406 sanctae
729 1376 824 1417 pollet
840 1375 977 1413 victoria,
995 1382 1116 1418 portum

490 1429 568 1460 Cum
586 1430 686 1461 nautis
702 1430 814 1460 retinet
829 1431 896 1461 laeta
912 1431 1014 1461 carina
1032 1430 1122 1461 Petri.

447 1483 571 1515 Parthia
587 1486 718 1527 suspirat
733 1486 879 1527 gravibus
894 1498 1033 1528 percussa
1050 1486 1190 1528 flagellis,

490 1539 547 1570 Per
563 1552 630 1582 quae
646 1553 721 1572 crux
737 1541 858 1572 domuit
874 1549 959 1584 terga
975 1542 1103 1584 superba
1119 1554 1180 1572 sua.

446 1594 574 1626 Insidias
590 1608 688 1638 nuper
706 1597 836 1639 Lybicas
851 1598 987 1639 percepit
1004 1598 1147 1639 Hybcrus

487 1650 608 1689 Rector,
626 1658 656 1682 et
671 1652 849 1683 innumeros
865 1653 991 1683 messuit
1006 1665 1076 1684 cnse
1092 1654 1181 1685 viros.

444 1706 547 1738 Haeres
564 1708 743 1750 Alphonsus
760 1708 785 1739 F
788 1708 909 1739 errandi
925 1709 1015 1739 corde
1030 1709 1148 1740 leonem

487 1764 596 1801 Gessit,
613 1771 643 1795 et
659 1765 791 1795 ecclesiae
807 1765 887 1795 clara
902 1765 1037 1807 trophaea
1053 1765 1147 1796 dedit.

442 1819 581 1851 Christus
596 1832 687 1862 quen]
704 1821 805 1863 signat
824 1821 988 1857 Habraam,
1009 1820 1088 1851 Loth
1106 1821 1193 1851 tollet
1209 1821 1246 1852 ab
1264 1821 1359 1858 hostem

486 1875 527 1906 Et
543 1876 677 1907 Cisaram
695 1877 813 1907 Barach
829 1883 919 1919 coget
934 1876 1011 1907 inire
1028 1876 1143 1917 fugam.

442 1931 568 1973 Sceptra
586 1932 687 1962 David
704 1943 803 1963 novus
818 1932 956 1974 accipiet,
974 1939 1120 1974 pereunte
1139 1932 1239 1969 Saule,

485 1987 524 2017 Et
540 1987 662 2030 fugient
677 1988 772 2030 paleae
788 1988 843 2018 sub
860 1987 1003 2019 Gedeone
1019 1988 1109 2019 leves.

441 2043 545 2074 Portas
561 2044 671 2075 avellet
687 2044 771 2086 quasi
792 2044 939 2086 Sampson
956 2043 1054 2086 gratia
1072 2042 1197 2080 Christi,

482 2099 540 2129 Per
555 2111 646 2141 quam
662 2099 789 2131 deflebit
805 2100 905 2130 diruta
920 2099 989 2130 fana
1007 2099 1125 2140 Dagon.

441 2155 534 2186 Stella
546 2155 636 2186 maris
652 2167 742 2197 quam
758 2155 886 2197 pulchra
903 2154 1016 2186 Judith
1033 2153 1173 2196 designat
1189 2160 1219 2184 et
1237 2153 1347 2185 Hester

482 2210 614 2251 Dejiciet
629 2210 769 2252 precibus
784 2210 901 2241 hostica
917 2211 994 2241 colla
1010 2210 1080 2241 suis.

439 2266 526 2297 Natis
543 2267 641 2308 prima
658 2267 719 2297 suis
732 2267 830 2309 elegia
847 2266 939 2297 fluxit
954 2267 992 2297 ab
1010 2267 1087 2304 Eva,

483 2323 542 2354 Sed
558 2323 674 2353 mundo
691 2323 771 2354 fudit
786 2323 899 2366 gaudia
915 2323 1001 2354 stella
1017 2321 1115 2352 maris.

1476 391 1547 424 141
