<?xml version="1.0" encoding="UTF-8"?>
<!DOCTYPE html PUBLIC "-//W3C//DTD XHTML 1.0 Transitional//EN"
    "http://www.w3.org/TR/xhtml1/DTD/xhtml1-transitional.dtd">
<html xmlns="http://www.w3.org/1999/xhtml" xml:lang="en" lang="en">
 <head>
  <title>
</title>
<meta http-equiv="Content-Type" content="text/html;charset=utf-8" />
  <meta name='ocr-system' content='tesseract 3.04.00' />
  <meta name='ocr-capabilities' content='ocr_page ocr_carea ocr_par ocr_line ocrx_word'/>
</head>
<body>
  <div class='ocr_page' id='page_1' title='image "./johannisdegarlan00johnuoft_0099.png"; bbox 0 0 2105 2871; ppageno 0'>
   <div class='ocr_carea' id='block_1_1' title="bbox 289 883 355 909">
    <p class='ocr_par' dir='ltr' id='par_1_1' title="bbox 289 883 355 909">
     <span class='ocr_line' id='line_1_1' title="bbox 289 883 355 909; baseline 0.015 -4"><span class='ocrx_word' id='word_1_1' title='bbox 289 883 355 909; x_wconf 50' lang='lat'>371³</span> 
     </span>
    </p>
   </div>
   <div class='ocr_carea' id='block_1_2' title="bbox 526 418 1296 446">
    <p class='ocr_par' dir='ltr' id='par_1_2' title="bbox 526 418 1296 446">
     <span class='ocr_line' id='line_1_2' title="bbox 526 418 1296 446; baseline -0.001 -1"><span class='ocrx_word' id='word_1_2' title='bbox 526 421 578 445; x_wconf 81' lang='lat' dir='ltr'>DE</span> <span class='ocrx_word' id='word_1_3' title='bbox 597 420 822 446; x_wconf 81' lang='lat' dir='ltr'><strong>TRIUMPHIS</strong></span> <span class='ocrx_word' id='word_1_4' title='bbox 840 420 1039 445; x_wconf 70' lang='lat' dir='ltr'><strong>ECOLESLE</strong></span> <span class='ocrx_word' id='word_1_5' title='bbox 1059 419 1173 444; x_wconf 85' lang='lat' dir='ltr'>LIBRI</span> <span class='ocrx_word' id='word_1_6' title='bbox 1192 418 1296 444; x_wconf 80' lang='lat' dir='ltr'>OCTO.</span> 
     </span>
    </p>
   </div>
   <div class='ocr_carea' id='block_1_3' title="bbox 406 501 1273 1993">
    <p class='ocr_par' dir='ltr' id='par_1_3' title="bbox 407 501 1273 600">
     <span class='ocr_line' id='line_1_3' title="bbox 407 501 1033 540; baseline -0.003 -7"><span class='ocrx_word' id='word_1_7' title='bbox 407 501 563 533; x_wconf 80' lang='lat' dir='ltr'>Excrescit</span> <span class='ocrx_word' id='word_1_8' title='bbox 578 503 659 533; x_wconf 86' lang='lat' dir='ltr'>fatua</span> <span class='ocrx_word' id='word_1_9' title='bbox 675 501 760 540; x_wconf 85' lang='lat' dir='ltr'>ficus,</span> <span class='ocrx_word' id='word_1_10' title='bbox 777 501 908 533; x_wconf 84' lang='lat' dir='ltr'>ficulnea</span> <span class='ocrx_word' id='word_1_11' title='bbox 923 501 1033 532; x_wconf 90' lang='lat' dir='ltr'>mundi</span> 
     </span>
     <span class='ocr_line' id='line_1_4' title="bbox 450 557 1273 600; baseline -0.002 -12"><span class='ocrx_word' id='word_1_12' title='bbox 450 558 547 597; x_wconf 87' lang='lat' dir='ltr'>Quam</span> <span class='ocrx_word' id='word_1_13' title='bbox 562 558 654 600; x_wconf 85' lang='lat' dir='ltr'>paris,</span> <span class='ocrx_word' id='word_1_14' title='bbox 670 557 749 588; x_wconf 83' lang='lat' dir='ltr'>hanc</span> <span class='ocrx_word' id='word_1_15' title='bbox 765 557 827 588; x_wconf 87' lang='lat' dir='ltr'>urit</span> <span class='ocrx_word' id='word_1_16' title='bbox 842 557 976 594; x_wconf 82' lang='lat' dir='ltr'>flamma,</span> <span class='ocrx_word' id='word_1_17' title='bbox 993 557 1135 599; x_wconf 81' lang='lat' dir='ltr'>gehenna</span> <span class='ocrx_word' id='word_1_18' title='bbox 1150 563 1273 587; x_wconf 84' lang='lat' dir='ltr'>cremat.</span> 
     </span>
    </p>

    <p class='ocr_par' dir='ltr' id='par_1_4' title="bbox 406 613 1110 712">
     <span class='ocr_line' id='line_1_5' title="bbox 406 613 1110 656; baseline -0.001 -12"><span class='ocrx_word' id='word_1_19' title='bbox 406 613 566 644; x_wconf 82' lang='lat' dir='ltr'>Latrantes</span> <span class='ocrx_word' id='word_1_20' title='bbox 581 620 611 644; x_wconf 86' lang='lat' dir='ltr'>et</span> <span class='ocrx_word' id='word_1_21' title='bbox 626 625 696 645; x_wconf 79' lang='lat' dir='ltr'>aves</span> <span class='ocrx_word' id='word_1_22' title='bbox 711 613 830 656; x_wconf 81' lang='lat' dir='ltr'>direpta</span> <span class='ocrx_word' id='word_1_23' title='bbox 845 613 992 645; x_wconf 80' lang='lat' dir='ltr'>cadavera</span> <span class='ocrx_word' id='word_1_24' title='bbox 1007 613 1110 644; x_wconf 84' lang='lat' dir='ltr'>rostris</span> 
     </span>
     <span class='ocr_line' id='line_1_6' title="bbox 450 669 1104 712; baseline 0.002 -14"><span class='ocrx_word' id='word_1_25' title='bbox 450 669 627 711; x_wconf 82' lang='lat' dir='ltr'>Asportant‚</span> <span class='ocrx_word' id='word_1_26' title='bbox 643 669 759 700; x_wconf 81' lang='lat' dir='ltr'>animas</span> <span class='ocrx_word' id='word_1_27' title='bbox 774 669 864 712; x_wconf 79' lang='lat' dir='ltr'>nigra</span> <span class='ocrx_word' id='word_1_28' title='bbox 880 676 1002 700; x_wconf 79' lang='lat' dir='ltr'>caterva</span> <span class='ocrx_word' id='word_1_29' title='bbox 1017 669 1104 711; x_wconf 82' lang='lat' dir='ltr'>legit.</span> 
     </span>
    </p>

    <p class='ocr_par' dir='ltr' id='par_1_5' title="bbox 406 723 1244 822">
     <span class='ocr_line' id='line_1_7' title="bbox 406 723 1244 766; baseline 0 -12"><span class='ocrx_word' id='word_1_30' title='bbox 406 723 489 754; x_wconf 86' lang='lat' dir='ltr'>Vitis</span> <span class='ocrx_word' id='word_1_31' title='bbox 503 735 605 755; x_wconf 83' lang='lat' dir='ltr'>amara</span> <span class='ocrx_word' id='word_1_32' title='bbox 619 724 721 761; x_wconf 84' lang='lat' dir='ltr'>nimis,</span> <span class='ocrx_word' id='word_1_33' title='bbox 737 736 829 766; x_wconf 83' lang='lat' dir='ltr'>quam</span> <span class='ocrx_word' id='word_1_34' title='bbox 845 724 962 766; x_wconf 88' lang='lat' dir='ltr'>primus</span> <span class='ocrx_word' id='word_1_35' title='bbox 977 724 1122 755; x_wconf 79' lang='lat' dir='ltr'>amaricat</span> <span class='ocrx_word' id='word_1_36' title='bbox 1136 723 1244 761; x_wconf 74' lang='lat' dir='ltr'>hostis⁷</span> 
     </span>
     <span class='ocr_line' id='line_1_8' title="bbox 450 779 1092 822; baseline 0 -12"><span class='ocrx_word' id='word_1_37' title='bbox 450 779 510 818; x_wconf 79' lang='lat' dir='ltr'>Qui</span> <span class='ocrx_word' id='word_1_38' title='bbox 525 779 696 810; x_wconf 84' lang='lat' dir='ltr'>vindemiat</span> <span class='ocrx_word' id='word_1_39' title='bbox 710 780 790 811; x_wconf 87' lang='lat' dir='ltr'>hanc</span> <span class='ocrx_word' id='word_1_40' title='bbox 806 791 877 810; x_wconf 88' lang='lat' dir='ltr'>cum</span> <span class='ocrx_word' id='word_1_41' title='bbox 893 779 1014 822; x_wconf 81' lang='lat' dir='ltr'>legione</span> <span class='ocrx_word' id='word_1_42' title='bbox 1030 791 1092 810; x_wconf 77' lang='lat' dir='ltr'>sua.</span> 
     </span>
    </p>

    <p class='ocr_par' dir='ltr' id='par_1_6' title="bbox 407 835 1250 878">
     <span class='ocr_line' id='line_1_9' title="bbox 407 835 1250 878; baseline 0 -12"><span class='ocrx_word' id='word_1_43' title='bbox 407 835 465 866; x_wconf 88' lang='lat' dir='ltr'>Per</span> <span class='ocrx_word' id='word_1_44' title='bbox 479 842 579 878; x_wconf 86' lang='lat' dir='ltr'>partes</span> <span class='ocrx_word' id='word_1_45' title='bbox 595 836 713 874; x_wconf 86' lang='lat' dir='ltr'>Romae‚</span> <span class='ocrx_word' id='word_1_46' title='bbox 730 848 784 878; x_wconf 87' lang='lat' dir='ltr'>per</span> <span class='ocrx_word' id='word_1_47' title='bbox 801 836 918 868; x_wconf 87' lang='lat' dir='ltr'>Gallica</span> <span class='ocrx_word' id='word_1_48' title='bbox 934 847 1039 878; x_wconf 80' lang='lat' dir='ltr'>regna,</span> <span class='ocrx_word' id='word_1_49' title='bbox 1057 847 1110 878; x_wconf 91' lang='lat' dir='ltr'>per</span> <span class='ocrx_word' id='word_1_50' title='bbox 1125 846 1250 866; x_wconf 89' lang='lat' dir='ltr'>omnem</span> 
     </span>
    </p>

    <p class='ocr_par' dir='ltr' id='par_1_7' title="bbox 408 891 1193 935">
     <span class='ocr_line' id='line_1_10' title="bbox 408 891 1193 935; baseline -0.001 -13"><span class='ocrx_word' id='word_1_51' title='bbox 408 930 420 935; x_wconf 36' lang='lat'>⁸</span> <span class='ocrx_word' id='word_1_52' title='bbox 451 891 612 934; x_wconf 77' lang='lat' dir='ltr'>Spargitur</span> <span class='ocrx_word' id='word_1_53' title='bbox 627 891 783 923; x_wconf 83' lang='lat' dir='ltr'>ecclesiam</span> <span class='ocrx_word' id='word_1_54' title='bbox 800 903 866 934; x_wconf 75' lang='lat' dir='ltr'>quae</span> <span class='ocrx_word' id='word_1_55' title='bbox 881 898 971 922; x_wconf 85' lang='lat' dir='ltr'>nocet</span> <span class='ocrx_word' id='word_1_56' title='bbox 985 891 1078 922; x_wconf 80' lang='lat' dir='ltr'>herba</span> <span class='ocrx_word' id='word_1_57' title='bbox 1088 891 1193 922; x_wconf 81' lang='lat' dir='ltr'>latens.</span> 
     </span>
    </p>

    <p class='ocr_par' dir='ltr' id='par_1_8' title="bbox 408 946 1053 1046">
     <span class='ocr_line' id='line_1_11' title="bbox 408 946 1053 989; baseline 0 -12"><span class='ocrx_word' id='word_1_58' title='bbox 408 946 522 978; x_wconf 88' lang='lat' dir='ltr'>Messor</span> <span class='ocrx_word' id='word_1_59' title='bbox 538 947 666 978; x_wconf 84' lang='lat' dir='ltr'>eoelestis</span> <span class='ocrx_word' id='word_1_60' title='bbox 681 947 828 989; x_wconf 85' lang='lat' dir='ltr'>dispersas</span> <span class='ocrx_word' id='word_1_61' title='bbox 844 946 963 989; x_wconf 81' lang='lat' dir='ltr'>colligit</span> <span class='ocrx_word' id='word_1_62' title='bbox 978 958 1053 977; x_wconf 84' lang='lat' dir='ltr'>uvas</span> 
     </span>
     <span class='ocr_line' id='line_1_12' title="bbox 450 1003 1048 1046; baseline -0.002 -12"><span class='ocrx_word' id='word_1_63' title='bbox 450 1003 492 1034; x_wconf 84' lang='lat' dir='ltr'>Et</span> <span class='ocrx_word' id='word_1_64' title='bbox 507 1003 602 1046; x_wconf 82' lang='lat' dir='ltr'>spicas</span> <span class='ocrx_word' id='word_1_65' title='bbox 618 1014 698 1034; x_wconf 85' lang='lat' dir='ltr'>raras</span> <span class='ocrx_word' id='word_1_66' title='bbox 712 1003 805 1044; x_wconf 84' lang='lat' dir='ltr'>hujus</span> <span class='ocrx_word' id='word_1_67' title='bbox 820 1003 853 1033; x_wconf 88' lang='lat' dir='ltr'>&#39;m</span> <span class='ocrx_word' id='word_1_68' title='bbox 869 1003 950 1034; x_wconf 88' lang='lat' dir='ltr'>orbis</span> <span class='ocrx_word' id='word_1_69' title='bbox 965 1014 1048 1045; x_wconf 82' lang='lat' dir='ltr'>agro.</span> 
     </span>
    </p>

    <p class='ocr_par' dir='ltr' id='par_1_9' title="bbox 409 1057 1190 1155">
     <span class='ocr_line' id='line_1_13' title="bbox 409 1057 1109 1100; baseline -0.001 -12"><span class='ocrx_word' id='word_1_70' title='bbox 409 1058 443 1088; x_wconf 90' lang='lat' dir='ltr'>In</span> <span class='ocrx_word' id='word_1_71' title='bbox 462 1057 648 1089; x_wconf 79' lang='lat' dir='ltr'>firmamenti</span> <span class='ocrx_word' id='word_1_72' title='bbox 663 1065 767 1089; x_wconf 87' lang='lat' dir='ltr'>centro</span> <span class='ocrx_word' id='word_1_73' title='bbox 783 1069 851 1100; x_wconf 84' lang='lat' dir='ltr'>pars</span> <span class='ocrx_word' id='word_1_74' title='bbox 866 1057 994 1099; x_wconf 79' lang='lat' dir='ltr'>parvula</span> <span class='ocrx_word' id='word_1_75' title='bbox 1009 1057 1109 1087; x_wconf 85' lang='lat' dir='ltr'>mittit</span> 
     </span>
     <span class='ocr_line' id='line_1_14' title="bbox 442 1112 1190 1155; baseline -0.001 -11"><span class='ocrx_word' id='word_1_76' title='bbox 442 1113 602 1151; x_wconf 81' lang='lat' dir='ltr'>Fructum,</span> <span class='ocrx_word' id='word_1_77' title='bbox 618 1120 654 1144; x_wconf 88' lang='lat' dir='ltr'>tu</span> <span class='ocrx_word' id='word_1_78' title='bbox 669 1113 766 1144; x_wconf 85' lang='lat' dir='ltr'>centri</span> <span class='ocrx_word' id='word_1_79' title='bbox 783 1113 906 1155; x_wconf 81' lang='lat' dir='ltr'>percipe</span> <span class='ocrx_word' id='word_1_80' title='bbox 922 1112 1058 1155; x_wconf 88' lang='lat' dir='ltr'>quinque</span> <span class='ocrx_word' id='word_1_81' title='bbox 1073 1112 1190 1155; x_wconf 78' lang='lat' dir='ltr'>plagas.</span> 
     </span>
    </p>

    <p class='ocr_par' dir='ltr' id='par_1_10' title="bbox 410 1167 1209 1268">
     <span class='ocr_line' id='line_1_15' title="bbox 410 1167 1209 1211; baseline -0.003 -11"><span class='ocrx_word' id='word_1_82' title='bbox 410 1169 520 1200; x_wconf 76' lang='lat' dir='ltr'>Nostra</span> <span class='ocrx_word' id='word_1_83' title='bbox 535 1175 619 1200; x_wconf 89' lang='lat' dir='ltr'>tenet</span> <span class='ocrx_word' id='word_1_84' title='bbox 635 1176 743 1211; x_wconf 78' lang='lat' dir='ltr'>gentes</span> <span class='ocrx_word' id='word_1_85' title='bbox 758 1168 945 1205; x_wconf 84' lang='lat' dir='ltr'>habitabilis,</span> <span class='ocrx_word' id='word_1_86' title='bbox 961 1179 1092 1209; x_wconf 78' lang='lat' dir='ltr'>aequora,</span> <span class='ocrx_word' id='word_1_87' title='bbox 1109 1167 1209 1204; x_wconf 72' lang='lat' dir='ltr'>silvas,</span> 
     </span>
     <span class='ocr_line' id='line_1_16' title="bbox 452 1224 1088 1268; baseline -0.003 -12"><span class='ocrx_word' id='word_1_88' title='bbox 452 1225 569 1268; x_wconf 87' lang='lat' dir='ltr'>Rupes;</span> <span class='ocrx_word' id='word_1_89' title='bbox 586 1232 631 1255; x_wconf 86' lang='lat' dir='ltr'>est</span> <span class='ocrx_word' id='word_1_90' title='bbox 645 1225 773 1255; x_wconf 88' lang='lat' dir='ltr'>minima</span> <span class='ocrx_word' id='word_1_91' title='bbox 789 1231 875 1266; x_wconf 83' lang='lat' dir='ltr'>parte</span> <span class='ocrx_word' id='word_1_92' title='bbox 890 1224 978 1254; x_wconf 81' lang='lat' dir='ltr'>beata</span> <span class='ocrx_word' id='word_1_93' title='bbox 994 1235 1088 1266; x_wconf 87' lang='lat' dir='ltr'>seges.</span> 
     </span>
    </p>

    <p class='ocr_par' dir='ltr' id='par_1_11' title="bbox 410 1279 1173 1377">
     <span class='ocr_line' id='line_1_17' title="bbox 410 1279 1173 1323; baseline -0.003 -11"><span class='ocrx_word' id='word_1_94' title='bbox 410 1281 465 1312; x_wconf 87' lang='lat' dir='ltr'>Est</span> <span class='ocrx_word' id='word_1_95' title='bbox 480 1287 623 1323; x_wconf 82' lang='lat' dir='ltr'>corrupta</span> <span class='ocrx_word' id='word_1_96' title='bbox 637 1287 740 1311; x_wconf 83' lang='lat' dir='ltr'>tamen</span> <span class='ocrx_word' id='word_1_97' title='bbox 756 1280 924 1322; x_wconf 80' lang='lat' dir='ltr'>gentilibus</span> <span class='ocrx_word' id='word_1_98' title='bbox 940 1280 1003 1310; x_wconf 76' lang='lat' dir='ltr'>hzec</span> <span class='ocrx_word' id='word_1_99' title='bbox 1018 1279 1173 1322; x_wconf 84' lang='lat' dir='ltr'>segetella,</span> 
     </span>
     <span class='ocr_line' id='line_1_18' title="bbox 454 1335 1020 1377; baseline -0.002 -11"><span class='ocrx_word' id='word_1_100' title='bbox 454 1336 495 1366; x_wconf 76' lang='lat' dir='ltr'>Et</span> <span class='ocrx_word' id='word_1_101' title='bbox 513 1335 695 1373; x_wconf 80' lang='lat' dir='ltr'>Sarracenis,</span> <span class='ocrx_word' id='word_1_102' title='bbox 712 1335 922 1377; x_wconf 68' lang='lat' dir='ltr'>haereticisque</span> <span class='ocrx_word' id='word_1_103' title='bbox 939 1335 1020 1366; x_wconf 85' lang='lat' dir='ltr'>seris.</span> 
     </span>
    </p>

    <p class='ocr_par' dir='ltr' id='par_1_12' title="bbox 410 1390 1105 1434">
     <span class='ocr_line' id='line_1_19' title="bbox 410 1390 1105 1434; baseline -0.001 -12"><span class='ocrx_word' id='word_1_104' title='bbox 410 1392 508 1423; x_wconf 85' lang='lat' dir='ltr'>Partis</span> <span class='ocrx_word' id='word_1_105' title='bbox 522 1403 590 1434; x_wconf 81' lang='lat' dir='ltr'>pars</span> <span class='ocrx_word' id='word_1_106' title='bbox 602 1391 661 1422; x_wconf 83' lang='lat' dir='ltr'>alia</span> <span class='ocrx_word' id='word_1_107' title='bbox 676 1391 785 1422; x_wconf 86' lang='lat' dir='ltr'>sterilis</span> <span class='ocrx_word' id='word_1_108' title='bbox 799 1391 889 1433; x_wconf 84' lang='lat' dir='ltr'>perit,</span> <span class='ocrx_word' id='word_1_109' title='bbox 906 1390 1025 1421; x_wconf 80' lang='lat' dir='ltr'>Affrica</span> <span class='ocrx_word' id='word_1_110' title='bbox 1040 1398 1105 1421; x_wconf 80' lang='lat' dir='ltr'>tota</span> 
     </span>
    </p>

    <p class='ocr_par' dir='ltr' id='par_1_13' title="bbox 415 1445 1114 1490">
     <span class='ocr_line' id='line_1_20' title="bbox 415 1445 1114 1490; baseline 0 -12"><span class='ocrx_word' id='word_1_111' title='bbox 415 1482 431 1487; x_wconf 83' lang='lat'>..</span> <span class='ocrx_word' id='word_1_112' title='bbox 453 1447 584 1490; x_wconf 87' lang='lat' dir='ltr'>Desipit,</span> <span class='ocrx_word' id='word_1_113' title='bbox 603 1447 733 1489; x_wconf 83' lang='lat' dir='ltr'>Europae</span> <span class='ocrx_word' id='word_1_114' title='bbox 749 1459 817 1489; x_wconf 79' lang='lat' dir='ltr'>pars</span> <span class='ocrx_word' id='word_1_115' title='bbox 832 1453 917 1478; x_wconf 86' lang='lat' dir='ltr'>tenet</span> <span class='ocrx_word' id='word_1_116' title='bbox 932 1458 995 1477; x_wconf 86' lang='lat' dir='ltr'>una</span> <span class='ocrx_word' id='word_1_117' title='bbox 1010 1445 1114 1478; x_wconf 89' lang='lat' dir='ltr'>fidem.</span> 
     </span>
    </p>

    <p class='ocr_par' dir='ltr' id='par_1_14' title="bbox 413 1502 1182 1600">
     <span class='ocr_line' id='line_1_21' title="bbox 413 1502 1182 1545; baseline -0.003 -11"><span class='ocrx_word' id='word_1_118' title='bbox 413 1504 491 1534; x_wconf 89' lang='lat' dir='ltr'>Sunt</span> <span class='ocrx_word' id='word_1_119' title='bbox 505 1503 563 1534; x_wconf 85' lang='lat' dir='ltr'>hac</span> <span class='ocrx_word' id='word_1_120' title='bbox 578 1509 663 1545; x_wconf 81' lang='lat' dir='ltr'>parte</span> <span class='ocrx_word' id='word_1_121' title='bbox 678 1509 783 1533; x_wconf 85' lang='lat' dir='ltr'>tamen</span> <span class='ocrx_word' id='word_1_122' title='bbox 798 1502 921 1539; x_wconf 77' lang='lat' dir='ltr'>moechi,</span> <span class='ocrx_word' id='word_1_123' title='bbox 935 1502 1025 1539; x_wconf 76' lang='lat' dir='ltr'>fures,</span> <span class='ocrx_word' id='word_1_124' title='bbox 1042 1510 1072 1533; x_wconf 86' lang='lat' dir='ltr'>et</span> <span class='ocrx_word' id='word_1_125' title='bbox 1087 1502 1182 1539; x_wconf 80' lang='lat' dir='ltr'>avari,</span> 
     </span>
     <span class='ocr_line' id='line_1_22' title="bbox 454 1558 995 1600; baseline -0.006 -9"><span class='ocrx_word' id='word_1_126' title='bbox 454 1560 496 1591; x_wconf 81' lang='lat' dir='ltr'>Et</span> <span class='ocrx_word' id='word_1_127' title='bbox 511 1566 691 1590; x_wconf 81' lang='lat' dir='ltr'>mercatores</span> <span class='ocrx_word' id='word_1_128' title='bbox 706 1558 897 1600; x_wconf 84' lang='lat' dir='ltr'>artificesque</span> <span class='ocrx_word' id='word_1_129' title='bbox 913 1558 995 1589; x_wconf 77' lang='lat' dir='ltr'>mali.</span> 
     </span>
    </p>

    <p class='ocr_par' dir='ltr' id='par_1_15' title="bbox 412 1613 1217 1711">
     <span class='ocr_line' id='line_1_23' title="bbox 412 1613 1217 1656; baseline -0.004 -10"><span class='ocrx_word' id='word_1_130' title='bbox 412 1615 582 1646; x_wconf 81' lang='lat' dir='ltr'>Haereticus</span> <span class='ocrx_word' id='word_1_131' title='bbox 597 1615 683 1656; x_wconf 85' lang='lat' dir='ltr'>pejor</span> <span class='ocrx_word' id='word_1_132' title='bbox 699 1613 829 1651; x_wconf 85' lang='lat' dir='ltr'>cunctis,</span> <span class='ocrx_word' id='word_1_133' title='bbox 845 1614 932 1644; x_wconf 84' lang='lat' dir='ltr'>velut</span> <span class='ocrx_word' id='word_1_134' title='bbox 947 1613 1046 1655; x_wconf 83' lang='lat' dir='ltr'>hydra</span> <span class='ocrx_word' id='word_1_135' title='bbox 1060 1624 1217 1644; x_wconf 83' lang='lat' dir='ltr'>venenum</span> 
     </span>
     <span class='ocr_line' id='line_1_24' title="bbox 453 1668 1127 1711; baseline -0.003 -10"><span class='ocrx_word' id='word_1_136' title='bbox 453 1670 572 1702; x_wconf 82' lang='lat' dir='ltr'>Fundit</span> <span class='ocrx_word' id='word_1_137' title='bbox 587 1670 620 1700; x_wconf 90' lang='lat' dir='ltr'>in</span> <span class='ocrx_word' id='word_1_138' title='bbox 636 1669 768 1707; x_wconf 83' lang='lat' dir='ltr'>occulto,</span> <span class='ocrx_word' id='word_1_139' title='bbox 784 1669 913 1699; x_wconf 88' lang='lat' dir='ltr'>vulnera</span> <span class='ocrx_word' id='word_1_140' title='bbox 929 1668 1021 1699; x_wconf 84' lang='lat' dir='ltr'>dente</span> <span class='ocrx_word' id='word_1_141' title='bbox 1036 1668 1127 1711; x_wconf 81' lang='lat' dir='ltr'>gerit.</span> 
     </span>
    </p>

    <p class='ocr_par' dir='ltr' id='par_1_16' title="bbox 411 1724 1127 1826">
     <span class='ocr_line' id='line_1_25' title="bbox 411 1724 1127 1766; baseline -0.007 -7"><span class='ocrx_word' id='word_1_142' title='bbox 411 1727 547 1759; x_wconf 80' lang='lat' dir='ltr'>Justitiae</span> <span class='ocrx_word' id='word_1_143' title='bbox 562 1726 720 1763; x_wconf 88' lang='lat' dir='ltr'>meritum,</span> <span class='ocrx_word' id='word_1_144' title='bbox 736 1724 861 1756; x_wconf 80' lang='lat' dir='ltr'>virtutis</span> <span class='ocrx_word' id='word_1_145' title='bbox 876 1724 1011 1766; x_wconf 81' lang='lat' dir='ltr'>praemia,</span> <span class='ocrx_word' id='word_1_146' title='bbox 1028 1724 1127 1766; x_wconf 86' lang='lat' dir='ltr'>culpae</span> 
     </span>
     <span class='ocr_line' id='line_1_26' title="bbox 454 1781 1074 1826; baseline -0.006 -12"><span class='ocrx_word' id='word_1_147' title='bbox 454 1784 577 1826; x_wconf 80' lang='lat' dir='ltr'>Flagra,</span> <span class='ocrx_word' id='word_1_148' title='bbox 595 1781 737 1813; x_wconf 87' lang='lat' dir='ltr'>creatoris</span> <span class='ocrx_word' id='word_1_149' title='bbox 752 1781 855 1812; x_wconf 87' lang='lat' dir='ltr'>nobile</span> <span class='ocrx_word' id='word_1_150' title='bbox 871 1792 956 1823; x_wconf 54' lang='lat' dir='ltr'>posse</span> <span class='ocrx_word' id='word_1_151' title='bbox 972 1787 1074 1822; x_wconf 81' lang='lat' dir='ltr'>negat.</span> 
     </span>
    </p>

    <p class='ocr_par' dir='ltr' id='par_1_17' title="bbox 413 1836 1179 1935">
     <span class='ocr_line' id='line_1_27' title="bbox 413 1836 1179 1882; baseline -0.007 -11"><span class='ocrx_word' id='word_1_152' title='bbox 413 1840 497 1882; x_wconf 81' lang='lat' dir='ltr'>Ergo</span> <span class='ocrx_word' id='word_1_153' title='bbox 513 1845 701 1870; x_wconf 84' lang='lat' dir='ltr'>concurrunt</span> <span class='ocrx_word' id='word_1_154' title='bbox 716 1837 749 1868; x_wconf 92' lang='lat' dir='ltr'>in</span> <span class='ocrx_word' id='word_1_155' title='bbox 765 1848 836 1868; x_wconf 86' lang='lat' dir='ltr'>eum</span> <span class='ocrx_word' id='word_1_156' title='bbox 851 1843 1004 1867; x_wconf 82' lang='lat' dir='ltr'>tormenta</span> <span class='ocrx_word' id='word_1_157' title='bbox 1020 1836 1179 1879; x_wconf 68' lang='lat' dir='ltr'>gehennae,</span> 
     </span>
     <span class='ocr_line' id='line_1_28' title="bbox 455 1892 961 1935; baseline -0.008 -9"><span class='ocrx_word' id='word_1_158' title='bbox 455 1895 544 1926; x_wconf 81' lang='lat' dir='ltr'>Ultio</span> <span class='ocrx_word' id='word_1_159' title='bbox 560 1901 676 1925; x_wconf 81' lang='lat' dir='ltr'>naturae</span> <span class='ocrx_word' id='word_1_160' title='bbox 691 1892 876 1935; x_wconf 87' lang='lat' dir='ltr'>mirificique</span> <span class='ocrx_word' id='word_1_161' title='bbox 892 1892 961 1922; x_wconf 87' lang='lat' dir='ltr'>Dei.</span> 
     </span>
    </p>

    <p class='ocr_par' dir='ltr' id='par_1_18' title="bbox 414 1948 1212 1993">
     <span class='ocr_line' id='line_1_29' title="bbox 414 1948 1212 1993; baseline -0.006 -10"><span class='ocrx_word' id='word_1_162' title='bbox 414 1951 466 1982; x_wconf 82' lang='lat' dir='ltr'>Ad</span> <span class='ocrx_word' id='word_1_163' title='bbox 480 1951 555 1993; x_wconf 89' lang='lat' dir='ltr'>quid</span> <span class='ocrx_word' id='word_1_164' title='bbox 571 1950 695 1982; x_wconf 80' lang='lat' dir='ltr'>Judaeos</span> <span class='ocrx_word' id='word_1_165' title='bbox 710 1949 838 1980; x_wconf 85' lang='lat' dir='ltr'>referam</span> <span class='ocrx_word' id='word_1_166' title='bbox 854 1960 929 1990; x_wconf 89' lang='lat' dir='ltr'>quos</span> <span class='ocrx_word' id='word_1_167' title='bbox 944 1948 1045 1979; x_wconf 84' lang='lat' dir='ltr'>sorbet</span> <span class='ocrx_word' id='word_1_168' title='bbox 1058 1949 1212 1985; x_wconf 80' lang='lat' dir='ltr'>Avernus,</span> 
     </span>
    </p>
   </div>
   <div class='ocr_carea' id='block_1_4' title="bbox 341 2003 1103 2047">
    <p class='ocr_par' dir='ltr' id='par_1_19' title="bbox 341 2003 1103 2047">
     <span class='ocr_line' id='line_1_30' title="bbox 341 2003 1103 2047; baseline 0 -13"><span class='ocrx_word' id='word_1_169' title='bbox 341 2004 373 2028; x_wconf 47' lang='grc' dir='ltr'>’Ὀ</span> <span class='ocrx_word' id='word_1_170' title='bbox 415 2038 424 2040; x_wconf 21' lang='lat' dir='ltr'><em>ff</em></span> <span class='ocrx_word' id='word_1_171' title='bbox 456 2006 602 2045; x_wconf 76' lang='lat' dir='ltr'>Divinam</span> <span class='ocrx_word' id='word_1_172' title='bbox 618 2006 719 2047; x_wconf 83' lang='lat' dir='ltr'>legem</span> <span class='ocrx_word' id='word_1_173' title='bbox 736 2004 789 2046; x_wconf 81' lang='lat' dir='ltr'>qui</span> <span class='ocrx_word' id='word_1_174' title='bbox 805 2004 869 2034; x_wconf 86' lang='lat' dir='ltr'>sine</span> <span class='ocrx_word' id='word_1_175' title='bbox 884 2004 953 2046; x_wconf 85' lang='lat' dir='ltr'>lege</span> <span class='ocrx_word' id='word_1_176' title='bbox 973 2003 1103 2046; x_wconf 80' lang='lat' dir='ltr'>legunt?</span> 
     </span>
    </p>
   </div>
   <div class='ocr_carea' id='block_1_5' title="bbox 412 2059 1266 2381">
    <p class='ocr_par' dir='ltr' id='par_1_20' title="bbox 412 2059 1246 2154">
     <span class='ocr_line' id='line_1_31' title="bbox 412 2059 1246 2103; baseline -0.004 -11"><span class='ocrx_word' id='word_1_177' title='bbox 412 2061 501 2092; x_wconf 87' lang='lat' dir='ltr'>Heu!</span> <span class='ocrx_word' id='word_1_178' title='bbox 518 2068 592 2103; x_wconf 88' lang='lat' dir='ltr'>quot</span> <span class='ocrx_word' id='word_1_179' title='bbox 607 2060 763 2092; x_wconf 82' lang='lat' dir='ltr'>leviathan</span> <span class='ocrx_word' id='word_1_180' title='bbox 779 2060 837 2091; x_wconf 91' lang='lat' dir='ltr'>sibi</span> <span class='ocrx_word' id='word_1_181' title='bbox 849 2060 962 2102; x_wconf 81' lang='lat' dir='ltr'>junget</span> <span class='ocrx_word' id='word_1_182' title='bbox 977 2059 1122 2097; x_wconf 81' lang='lat' dir='ltr'>carmine,</span> <span class='ocrx_word' id='word_1_183' title='bbox 1138 2059 1246 2101; x_wconf 79' lang='lat' dir='ltr'>poenis,</span> 
     </span>
     <span class='ocr_line' id='line_1_32' title="bbox 457 2115 1150 2154; baseline -0.003 -6"><span class='ocrx_word' id='word_1_184' title='bbox 457 2117 632 2154; x_wconf 79' lang='lat' dir='ltr'>Blanditiis,</span> <span class='ocrx_word' id='word_1_185' title='bbox 648 2117 746 2154; x_wconf 80' lang='lat' dir='ltr'>bellis,</span> <span class='ocrx_word' id='word_1_186' title='bbox 763 2128 901 2153; x_wconf 82' lang='lat' dir='ltr'>munere,</span> <span class='ocrx_word' id='word_1_187' title='bbox 919 2115 1035 2153; x_wconf 83' lang='lat' dir='ltr'>fraude,</span> <span class='ocrx_word' id='word_1_188' title='bbox 1047 2115 1150 2146; x_wconf 85' lang='lat' dir='ltr'>minis.</span> 
     </span>
    </p>

    <p class='ocr_par' dir='ltr' id='par_1_21' title="bbox 416 2171 1172 2270">
     <span class='ocr_line' id='line_1_33' title="bbox 416 2171 1172 2214; baseline -0.001 -11"><span class='ocrx_word' id='word_1_189' title='bbox 416 2173 590 2204; x_wconf 81' lang='lat' dir='ltr'>Obstabunt</span> <span class='ocrx_word' id='word_1_190' title='bbox 607 2172 693 2203; x_wconf 86' lang='lat' dir='ltr'>Enoc</span> <span class='ocrx_word' id='word_1_191' title='bbox 708 2179 739 2203; x_wconf 90' lang='lat' dir='ltr'>et</span> <span class='ocrx_word' id='word_1_192' title='bbox 755 2172 882 2214; x_wconf 77' lang='lat' dir='ltr'>Helyas,</span> <span class='ocrx_word' id='word_1_193' title='bbox 899 2183 974 2214; x_wconf 85' lang='lat' dir='ltr'>quos</span> <span class='ocrx_word' id='word_1_194' title='bbox 989 2178 1092 2202; x_wconf 80' lang='lat' dir='ltr'>tamen</span> <span class='ocrx_word' id='word_1_195' title='bbox 1107 2171 1172 2213; x_wconf 85' lang='lat' dir='ltr'>ipse</span> 
     </span>
     <span class='ocr_line' id='line_1_34' title="bbox 458 2227 1060 2270; baseline -0.002 -12"><span class='ocrx_word' id='word_1_196' title='bbox 458 2227 575 2270; x_wconf 85' lang='lat' dir='ltr'>Impius</span> <span class='ocrx_word' id='word_1_197' title='bbox 591 2227 720 2265; x_wconf 88' lang='lat' dir='ltr'>occidet,</span> <span class='ocrx_word' id='word_1_198' title='bbox 736 2234 845 2258; x_wconf 85' lang='lat' dir='ltr'>neuter</span> <span class='ocrx_word' id='word_1_199' title='bbox 860 2227 978 2257; x_wconf 87' lang='lat' dir='ltr'>inultus</span> <span class='ocrx_word' id='word_1_200' title='bbox 993 2227 1060 2258; x_wconf 89' lang='lat' dir='ltr'>erit.</span> 
     </span>
    </p>

    <p class='ocr_par' dir='ltr' id='par_1_22' title="bbox 416 2281 1266 2381">
     <span class='ocr_line' id='line_1_35' title="bbox 416 2281 1266 2326; baseline -0.002 -12"><span class='ocrx_word' id='word_1_201' title='bbox 416 2283 504 2315; x_wconf 81' lang='lat' dir='ltr'>Ultio</span> <span class='ocrx_word' id='word_1_202' title='bbox 520 2283 637 2314; x_wconf 83' lang='lat' dir='ltr'>fulmen</span> <span class='ocrx_word' id='word_1_203' title='bbox 653 2283 711 2314; x_wconf 86' lang='lat' dir='ltr'>erit</span> <span class='ocrx_word' id='word_1_204' title='bbox 725 2283 820 2326; x_wconf 87' lang='lat' dir='ltr'>prius,</span> <span class='ocrx_word' id='word_1_205' title='bbox 836 2289 867 2313; x_wconf 84' lang='lat' dir='ltr'>et</span> <span class='ocrx_word' id='word_1_206' title='bbox 882 2289 950 2324; x_wconf 81' lang='lat' dir='ltr'>post</span> <span class='ocrx_word' id='word_1_207' title='bbox 965 2281 1090 2312; x_wconf 81' lang='lat' dir='ltr'>flamma</span> <span class='ocrx_word' id='word_1_208' title='bbox 1105 2281 1266 2324; x_wconf 82' lang='lat' dir='ltr'>gehennae,</span> 
     </span>
     <span class='ocr_line' id='line_1_36' title="bbox 451 2338 1098 2381; baseline -0.002 -12"><span class='ocrx_word' id='word_1_209' title='bbox 451 2338 540 2378; x_wconf 83' lang='lat' dir='ltr'>Quod</span> <span class='ocrx_word' id='word_1_210' title='bbox 555 2339 749 2381; x_wconf 80' lang='lat' dir='ltr'>tempestabit</span> <span class='ocrx_word' id='word_1_211' title='bbox 765 2345 829 2370; x_wconf 84' lang='lat' dir='ltr'>tota</span> <span class='ocrx_word' id='word_1_212' title='bbox 844 2338 976 2380; x_wconf 83' lang='lat' dir='ltr'>procella</span> <span class='ocrx_word' id='word_1_213' title='bbox 993 2338 1098 2380; x_wconf 79' lang='lat' dir='ltr'>stygis.</span> 
     </span>
    </p>
   </div>
   <div class='ocr_carea' id='block_1_6' title="bbox 1461 409 1507 444">
    <p class='ocr_par' dir='ltr' id='par_1_23' title="bbox 1461 409 1507 444">
     <span class='ocr_line' id='line_1_37' title="bbox 1461 409 1507 444; baseline -0.022 0"><span class='ocrx_word' id='word_1_214' title='bbox 1461 409 1507 444; x_wconf 83' lang='lat'>79</span> 
     </span>
    </p>
   </div>
   <div class='ocr_carea' id='block_1_7' title="bbox 1518 492 1806 547">
    <p class='ocr_par' dir='ltr' id='par_1_24' title="bbox 1518 492 1806 547">
     <span class='ocr_line' id='line_1_38' title="bbox 1519 492 1806 519; baseline -0.007 -5"><span class='ocrx_word' id='word_1_215' title='bbox 1519 493 1535 519; x_wconf 69' lang='lat' dir='ltr'>‘J</span> <span class='ocrx_word' id='word_1_216' title='bbox 1554 493 1589 514; x_wconf 88' lang='lat' dir='ltr'>De</span> <span class='ocrx_word' id='word_1_217' title='bbox 1603 497 1676 514; x_wconf 80' lang='lat' dir='ltr'>morte</span> <span class='ocrx_word' id='word_1_218' title='bbox 1689 492 1806 513; x_wconf 63' lang='lat' dir='ltr'>ham-‹etico-</span> 
     </span>
     <span class='ocr_line' id='line_1_39' title="bbox 1518 525 1653 547; baseline -0.007 0"><span class='ocrx_word' id='word_1_219' title='bbox 1518 533 1570 547; x_wconf 88' lang='lat' dir='ltr'>rum</span> <span class='ocrx_word' id='word_1_220' title='bbox 1583 525 1653 547; x_wconf 87' lang='lat' dir='ltr'>mala.</span> 
     </span>
    </p>
   </div>
   <div class='ocr_carea' id='block_1_8' title="bbox 1521 1056 1802 1216">
    <p class='ocr_par' dir='ltr' id='par_1_25' title="bbox 1521 1056 1802 1216">
     <span class='ocr_line' id='line_1_40' title="bbox 1521 1056 1763 1086; baseline -0.017 -6"><span class='ocrx_word' id='word_1_221' title='bbox 1521 1059 1538 1085; x_wconf 65' lang='grc' dir='ltr'>Ἥ</span> <span class='ocrx_word' id='word_1_222' title='bbox 1557 1058 1592 1079; x_wconf 89' lang='lat' dir='ltr'>De</span> <span class='ocrx_word' id='word_1_223' title='bbox 1604 1056 1763 1086; x_wconf 52' lang='lat' dir='ltr'>philosophi-:a</span> 
     </span>
     <span class='ocr_line' id='line_1_41' title="bbox 1522 1090 1764 1117; baseline -0.012 -5"><span class='ocrx_word' id='word_1_224' title='bbox 1522 1090 1711 1112; x_wconf 75' lang='lat' dir='ltr'>consideratione</span> <span class='ocrx_word' id='word_1_225' title='bbox 1723 1096 1764 1117; x_wconf 81' lang='lat' dir='ltr'>pro</span> 
     </span>
     <span class='ocr_line' id='line_1_42' title="bbox 1521 1121 1792 1152; baseline -0.015 -7"><span class='ocrx_word' id='word_1_226' title='bbox 1521 1123 1639 1152; x_wconf 77' lang='lat' dir='ltr'>paucitate</span> <span class='ocrx_word' id='word_1_227' title='bbox 1651 1121 1792 1144; x_wconf 48' lang='lat' dir='ltr'>Chris-tiam·-</span> 
     </span>
     <span class='ocr_line' id='line_1_43' title="bbox 1521 1153 1802 1183; baseline -0.014 -6"><span class='ocrx_word' id='word_1_228' title='bbox 1521 1163 1574 1177; x_wconf 85' lang='lat' dir='ltr'>rum</span> <span class='ocrx_word' id='word_1_229' title='bbox 1587 1159 1693 1183; x_wconf 86' lang='lat' dir='ltr'>respectu</span> <span class='ocrx_word' id='word_1_230' title='bbox 1705 1153 1802 1175; x_wconf 61' lang='lat' dir='ltr'>aliarum</span> 
     </span>
     <span class='ocr_line' id='line_1_44' title="bbox 1522 1188 1636 1216; baseline -0.009 -6"><span class='ocrx_word' id='word_1_231' title='bbox 1522 1188 1636 1216; x_wconf 65' lang='lat' dir='ltr'>gentium,</span> 
     </span>
    </p>
   </div>
   <div class='ocr_carea' id='block_1_9' title="bbox 1525 2068 1762 2099">
    <p class='ocr_par' dir='ltr' id='par_1_26' title="bbox 1525 2068 1762 2099">
     <span class='ocr_line' id='line_1_45' title="bbox 1525 2068 1762 2099; baseline -0.017 -6"><span class='ocrx_word' id='word_1_232' title='bbox 1525 2071 1541 2099; x_wconf 49' lang='grc' dir='ltr'>Ἦ,</span> <span class='ocrx_word' id='word_1_233' title='bbox 1564 2071 1598 2092; x_wconf 83' lang='lat' dir='ltr'>De</span> <span class='ocrx_word' id='word_1_234' title='bbox 1611 2068 1762 2092; x_wconf 67' lang='lat' dir='ltr'>Antichristo.</span> 
     </span>
    </p>
   </div>
  </div>
 </body>
</html>
