2105 2871
906 415 1104 440 JOHANNIS
1122 415 1174 439 DE
1194 414 1429 440 GARLANDIA

910 860 1078 896 LIBER
1115 860 1422 898 SECUNDUS.

791 968 813 1000 ῚῙ
828 968 943 1010 Incipit
957 969 1098 999 secundus
1115 968 1189 998 liber
1204 968 1240 998 de
1256 968 1417 1010 triumphis
1432 969 1560 1000 ecclesice.

633 1054 742 1122 Belli
759 1065 894 1096 quosque
909 1053 996 1084 decet
1012 1053 1105 1084 finem
1122 1065 1269 1096 praenosse
1285 1061 1434 1096 potentes,

706 1109 855 1147 Dedecus,
873 1120 1021 1147 excessus,
1039 1109 1162 1147 damna,
1178 1109 1302 1152 pericla,
1319 1117 1433 1147 metus;

665 1165 822 1196 Lamentis
837 1176 941 1196 causas
957 1174 987 1196 et
1004 1165 1069 1196 dira
1085 1165 1222 1207 pericula
1238 1164 1310 1196 belli

705 1222 726 1253 J
729 1233 824 1264 ungo,
842 1233 908 1264 quae
923 1221 1039 1252 bellum
1055 1227 1126 1252 sunt
1142 1221 1287 1252 comitata
1304 1221 1411 1251 ferum.

665 1278 803 1308 Vulnera
818 1277 877 1308 fert
887 1278 999 1318 justus,
1017 1277 1069 1308 sed
1084 1278 1193 1319 plausu
1209 1277 1333 1314 militat,
1351 1283 1380 1307 et
1396 1287 1479 1318 spem

706 1333 823 1375 Dirigit
838 1332 877 1363 ad
892 1333 999 1375 palmae
1014 1332 1139 1375 praemia
1155 1332 1255 1363 danda
1270 1332 1338 1363 sibi.

664 1390 852 1420 l'rostratum
868 1388 980 1430 vulgus
996 1388 1195 1429 volucresque
1211 1399 1360 1429 canesque
1376 1387 1539 1418 revellunt.

705 1445 746 1475 Et
762 1444 885 1475 miseras
901 1443 1018 1474 animas
1034 1443 1159 1474 forsitan
1176 1454 1264 1473 orcus
1280 1442 1380 1473 habet.

665 1500 821 1531 Succurrit
837 1499 970 1542 vigilans
985 1499 1103 1530 domini
1119 1499 1283 1541 prudentia
1299 1510 1393 1540 papae,

708 1557 743 1586 In
759 1563 823 1586 rate
839 1555 1009 1586 dormimus
1026 1555 1099 1585 dum
1116 1555 1195 1597 regit
1212 1554 1277 1596 ipse
1293 1561 1398 1584 ratem.

663 1611 735 1642 Non
751 1611 816 1642 haec
831 1610 997 1641 attendunt
1013 1610 1218 1652 quampiures,
1235 1610 1287 1640 scd
1304 1610 1389 1651 quasi
1406 1609 1487 1645 caeci,

707 1667 748 1697 Et
763 1666 848 1708 quasi
863 1666 1033 1708 palpantes,
1050 1666 1083 1696 in
1100 1677 1152 1696 sua
1168 1672 1241 1696 vota
1256 1672 1361 1696 ruunt.

665 1722 773 1753 Hiisne
793 1722 878 1764 Syon
893 1720 1029 1764 gaudet?
1044 1733 1117 1758 non,
1134 1720 1186 1751 sed
1202 1720 1293 1751 dolet.
1340 1720 1435 1751 Estne
1451 1731 1504 1762 per
1520 1720 1587 1750 illos

708 1777 838 1808 Libera?
860 1789 1065 1819 nequaquam,
1082 1788 1167 1807 serva
1181 1776 1232 1806 sed
1248 1787 1310 1806 esse
1325 1776 1433 1817 gemit.

666 1833 791 1864 Talibus
806 1832 957 1875 exemplis
971 1832 1043 1862 licet
1059 1831 1262 1862 ammonuisse
1277 1839 1398 1862 renatos

708 1889 807 1920 Fonte
823 1900 906 1920 sacro
922 1888 1051 1931 populos
1068 1894 1101 1918 ut
1117 1887 1215 1918 crucis
1231 1898 1314 1918 arma
1330 1887 1444 1924 ferant3

668 1945 726 1976 sod
746 1945 925 1976 Sarracenos
941 1944 1069 1974 referam
1086 1943 1111 1973 si
1127 1943 1235 1973 vixero
1251 1943 1359 1980 victos,

711 2001 916 2043 Victricisque
932 2000 1029 2031 crucis
1044 1999 1250 2042 magnificabo
1267 1999 1367 2029 duces.

668 2057 699 2088 Si
715 2057 849 2099 gemitus
865 2067 1028 2098 causasque
1044 2067 1111 2086 suas
1127 2067 1166 2086 ex
1183 2055 1288 2085 ordine
1305 2066 1422 2097 promo7

712 2113 761 2143 Sic
777 2124 816 2143 ex
831 2111 988 2154 proposito
1005 2111 1204 2142 continuatur
1220 2122 1304 2152 opus.

669 2168 779 2199 Ethica
795 2167 924 2198 confinis
940 2166 1021 2198 bello
1037 2166 1123 2203 latet,
1140 2172 1230 2196 exeat
1245 2177 1318 2207 ergo

712 2224 803 2254 Nunc
818 2223 887 2260 hoe,
904 2234 987 2253 nunc
1003 2222 1092 2260 illud,
1110 2234 1180 2252 eum
1196 2221 1314 2252 ratione
1331 2234 1391 2252 sua.

670 2280 775 2311 Praelia
788 2280 871 2321 justa
887 2279 959 2310 lieet
975 2278 1102 2316 suerint,
1118 2277 1269 2308 discordia
1285 2278 1371 2309 saevit

711 2335 801 2366 Ultra
817 2346 909 2376 quam
925 2334 1026 2371 debet,
1044 2333 1262 2376 egreditmque
1279 2333 1414 2364 niodum.
