2105 2871
571 415 618 448 12

899 422 1099 447 JOHANNIS
1116 423 1169 448 DE
1190 422 1426 448 GARLANDLA

659 505 755 548 Ignea
771 513 842 537 sunt
857 506 923 542 ari„
940 516 993 543 sa,
1010 505 1069 543 leo,
1086 505 1139 536 sed
1154 517 1239 542 scor„
1257 505 1407 547 aquatica,
1425 505 1493 547 pis„
1511 516 1588 540 can„

703 562 813 592 Terrca
828 568 902 599 tau„
919 563 1012 604 capri.
1028 563 1087 601 vir,
1103 574 1173 594 aera
1188 563 1263 594 dant
1278 575 1317 600 a.‚
1333 575 1393 605 ge„
1409 562 1441 593 li.

661 617 713 648 Ad
729 629 834 660 pacem
852 618 966 649 distant
983 619 1070 656 aries,
1087 630 1173 656 scor„
1190 618 1236 660 pis
1250 643 1257 656 ‚
1274 618 1332 655 leo,
1350 629 1426 655 can.,
1443 629 1496 655 sa„

703 673 855 716 Urnaque
870 673 1068 711 vi1·.‚ta1mls‚
1084 673 1173 711 libra,
1190 673 1343 715 caprique,
1360 674 1454 716 genii.

660 729 715 760 Est
731 729 808 760 aries
823 728 913 766 veris,
930 735 1046 765 tamus,
1063 728 1242 770 geminique
1257 729 1431 771 gradusque

705 786 813 815 Servat
828 784 970 815 terdenos
986 784 1093 815 ordine
1109 784 1238 826 quisque
1252 785 1357 816 tn'um.

664 841 715 872 Sol
731 841 778 872 bis
794 852 847 871 sex
864 840 959 882 signis
975 840 1143 882 peragratis
1158 839 1279 882 perficit
1293 852 1422 878 annum,

704 897 744 934 It,
760 896 841 927 redit
857 896 985 933 assidue,
1003 895 1224 938 continuatque
1239 896 1362 938 gradus.

658 951 773 982 AEstati
789 952 903 982 dantur
917 963 1035 990 cancer,
1052 951 1111 990 leo,
1128 952 1232 995 virgo3
1248 952 1380 983 calorem

704 1008 856 1050 Tempore
872 1007 1041 1049 disponunt
1056 1007 1165 1049 plusve
1180 1007 1322 1038 minusve
1337 1019 1401 1038 suo.

661 1065 864 1106 Autumpnus
879 1063 981 1100 librat,
997 1070 1067 1105 post
1082 1063 1207 1105 pungit,
1224 1070 1255 1094 et
1270 1063 1343 1094 inde
1359 1063 1498 1105 sagittat;

705 1119 765 1150 Sed
781 1119 879 1150 tribus
894 1118 955 1149 hiis
970 1118 1068 1161 frigus
1084 1125 1235 1161 temperat
1250 1118 1315 1161 ipse
1330 1130 1430 1150 suum.

661 1174 832 1205 Exeudunt-
847 1174 953 1216 hyemi
969 1174 1176 1216 capricornus,
1193 1174 1346 1217 aquarius,
1363 1187 1456 1213 arma,

704 1231 744 1261 Et
760 1231 867 1273 pisces,
883 1230 983 1261 donee
997 1237 1135 1272 tempora
1151 1242 1223 1261 vere
1238 1231 1349 1261 virent.

660 1287 759 1317 Dulce
775 1286 820 1317 bis
835 1286 1015 1328 aequidiuin2
1032 1287 1078 1317 bis
1094 1286 1256 1317 solsticiale
1267 1286 1430 1327 juvamen,

705 1343 809 1386 Signis
824 1343 972 1385 oppositis
987 1349 1125 1385 tempora
1141 1343 1204 1374 sole
1219 1350 1347 1374 novant.

662 1398 864 1430 Contendunt
878 1398 1020 1429 homines
1035 1410 1219 1429 marcescere
1234 1405 1373 1440 tempore
1389 1399 1479 1436 veris,

706 1454 837 1493 Quando
852 1453 999 1485 festinant
1015 1466 1069 1496 per
1084 1466 1137 1485 sua
1152 1454 1233 1485 bella
1248 1454 1342 1491 mori3

663 1510 800 1540 Diversis
815 1522 904 1541 nonae
919 1510 1041 1548 sanctis,
1058 1510 1200 1552 idusque,
1217 1510 1367 1548 kalendae,

707 1565 876 1596 Sollemnes
891 1565 1004 1602 lucent,
1021 1577 1097 1608 gens
1113 1572 1217 1596 tamen
1233 1577 1317 1596 arma
1333 1565 1424 1608 capit.

665 1622 787 1660 Quanto
803 1621 902 1662 majus
918 1628 982 1652 erat
998 1621 1120 1659 festum⁷
1137 1622 1237 1663 majus
1252 1621 1349 1652 scelus
1364 1621 1468 1659 instat,

706 1677 790 1707 Dum
807 1676 979 1708 funestatur
994 1689 1049 1719 per
1065 1677 1161 1708 scelus
1176 1677 1255 1708 alma
1273 1677 1347 1708 dies.

663 1732 736 1763 Flos
750 1732 783 1762 in
798 1732 917 1763 naturis
934 1731 1032 1762 Lucas
1048 1732 1175 1763 Essexia
1189 1731 1301 1763 florum

709 1788 811 1818 Patria
827 1799 919 1830 quem
935 1787 1056 1830 genuit,
1073 1788 1183 1819 tertius
1198 1788 1258 1819 alta
1275 1789 1369 1831 sapit;

667 1843 831 1874 Stellarum
847 1843 931 1886 leges
945 1843 1047 1885 lapsus
1062 1844 1197 1886 assignat
1213 1851 1243 1876 et
1258 1852 1353 1883 ortus,

710 1899 842 1930 Noscere
857 1899 907 1930 sed
925 1899 1044 1941 sapiens
1059 1900 1127 1942 quis
1143 1911 1222 1943 vaga
1237 1899 1327 1931 corda
1343 1907 1443 1943 potest
1459 1900 1473 1932 ?

666 1955 760 1985 Facta
775 1966 848 1997 pace
864 1954 939 1985 mali
953 1967 1060 1997 pacem
1077 1955 1272 1998 confringere
1286 1956 1433 1998 gaudent,

710 2011 746 2041 In
761 2011 843 2042 bello
858 2011 974 2041 bellum
990 2011 1151 2053 pacificare
1166 2018 1292 2054 petunt;

669 2067 729 2099 Sed
744 2079 831 2110 reges
846 2067 942 2098 nostri
957 2079 1064 2110 pacem
1081 2075 1232 2105 tutantur,
1249 2074 1279 2099 et
1295 2080 1379 2100 arma

712 2122 744 2154 Si
760 2123 887 2165 capiunt
902 2135 1022 2154 causam
1034 2124 1114 2165 juris
1129 2124 1241 2155 habere
1256 2130 1377 2166 putant.

668 2179 740 2210 Non
755 2185 859 2210 tamen
874 2179 934 2210 hoc
949 2180 1020 2211 satis
1036 2187 1095 2217 est;
1119 2187 1248 2211 caveant
1263 2192 1337 2223 ergo
1353 2181 1410 2212 sibi
1425 2192 1522 2224 reges,

712 2235 760 2266 Ne
776 2234 835 2266 sibi
850 2246 936 2266 mens
948 2235 1041 2267 fuerit
1057 2236 1176 2267 conscia
1192 2236 1271 2267 facta
1286 2237 1369 2268 mali.

671 2290 742 2321 Post
756 2296 880 2332 treugas
895 2301 1004 2333 regum
1020 2291 1100 2322 redit
1116 2291 1286 2323 orbiculare
1301 2291 1471 2336 flagellum,

714 2345 883 2388 Pugnaque
898 2346 967 2388 plus
982 2346 1067 2378 laedit
1083 2346 1200 2378 viribus
1215 2354 1304 2378 aucta
1320 2348 1418 2379 novis.
