2105 2871
577 399 625 433 34

902 407 1103 434 JOHANNIS
1120 406 1174 432 DE
1195 405 1433 431 GARLANDIA

665 491 849 523 Sanctonieo
864 498 956 534 portu
972 490 1119 533 defigitur
1134 488 1277 526 anchora,
1294 488 1361 530 regi

707 547 803 590 Hugo
819 559 849 579 se
865 547 959 579 sociat
975 547 1189 588 eonsoeiatque
1206 545 1309 576 fidem.

664 605 785 636 Nobilis
799 605 852 636 hie
867 605 950 636 idem
965 604 1106 647 reginam
1123 603 1256 634 duxerat
1274 602 1370 644 Hugo

706 659 896 702 Anglorum,
912 665 985 690 nato
1001 671 1096 701 regna
1112 664 1236 690 tenente
1253 669 1316 689 suo.

663 713 769 745 Mente
785 714 865 745 bona
880 714 991 744 ductus
1008 713 1181 744 Henrieum
1197 719 1281 743 trans
1298 724 1381 743 mare
1397 711 1501 748 traxit,

708 769 753 800 Ut
768 775 951 800 restauraret
966 769 1087 811 perdita
1103 775 1200 799 eastra
1216 768 1303 805 duei;

666 825 725 856 Sed
742 832 814 856 voto
831 825 970 856 fraudata
986 837 1040 856 suo
1057 836 1124 867 spes
1140 836 1219 855 vana
1234 830 1378 865 vagatur,

707 881 748 911 Et
764 881 843 911 fallit
858 887 961 911 vatem
977 880 1101 922 garrula
1117 891 1196 922 saepe
1213 891 1314 910 suum.

664 936 734 966 Non
752 936 850 967 fuerat
866 936 986 967 comitis
1001 935 1138 978 probitas
1154 934 1307 977 culpanda
1323 934 1434 972 fidelis,

707 991 794 1022 Mitis
809 991 892 1022 enim
908 991 995 1022 venit
1010 1003 1066 1022 rex
1081 990 1146 1021 sine
1163 997 1256 1032 gente
1272 1001 1335 1020 sua.

664 1047 746 1078 Gens
762 1047 856 1089 proba
873 1047 1018 1078 Pictavise
1034 1058 1087 1077 sua
1103 1046 1191 1077 novit
1206 1046 1327 1082 robora,
1345 1051 1442 1075 metas

706 1103 864 1140 Defendit,
881 1102 968 1133 bellis
984 1101 1150 1144 invigilare
1166 1101 1278 1132 studet.

664 1157 754 1188 Miles
769 1164 933 1200 grassatur,
949 1168 1065 1199 pauper
1081 1156 1240 1198 spoiiatur‚
1257 1155 1377 1186 amicus

707 1215 882 1257 Iguoratur,
900 1215 967 1257 agri
983 1212 1071 1255 copia
1086 1212 1187 1254 praeda
1205 1212 1304 1242 datur.

666 1269 692 1301 O
708 1269 832 1312 stupor!
848 1270 881 1300 in
897 1270 1016 1301 mundo
1032 1270 1142 1310 majori
1159 1278 1269 1311 regnat
1286 1268 1400 1299 amoris

708 1325 823 1363 Gratia,
839 1337 901 1368 pax
916 1325 1043 1363 stabilis,
1061 1326 1112 1356 lex
1128 1336 1221 1362 saera,
1239 1336 1347 1355 norma
1363 1330 1469 1354 tenax¹

663 1380 773 1411 Dicere
789 1381 866 1411 mira
883 1381 942 1412 Dei
957 1392 1087 1423 nequeo,
1105 1392 1162 1411 nee
1178 1380 1308 1422 pingere
1324 1379 1416 1422 plene

708 1436 809 1467 Immo
825 1437 968 1468 creatoris
984 1437 1088 1479 cogito
1105 1448 1191 1479 posse
1207 1436 1279 1466 mei.

666 1492 723 1523 Vis
738 1504 853 1535 praepes
868 1493 979 1523 mundi
996 1493 1082 1523 velut
1100 1504 1139 1523 .X.
1158 1491 1368 1534 transponitur
1384 1491 1438 1521 alti

710 1549 777 1587 Qua
792 1555 897 1579 movet
913 1555 943 1579 et
959 1548 1056 1579 salvat
1072 1547 1176 1578 omnia
1193 1547 1291 1578 forma
1307 1546 1416 1577 erucis.

665 1605 826 1647 Applanos
842 1604 975 1635 occurrit
991 1610 1122 1635 testante
1142 1603 1271 1634 Platone
1287 1601 1430 1644 planetis,

710 1659 793 1698 Quos
808 1665 911 1690 tamen
928 1657 1074 1701 oppositis
1090 1657 1224 1688 motibus
1240 1657 1310 1687 unit
1325 1667 1420 1688 amor.

666 1715 754 1746 Luna
769 1715 848 1757 petit
864 1726 1011 1751 mensem,
1029 1715 1084 1752 sol,
1105 1714 1251 1751 Stilbons,
1269 1720 1299 1744 et
1318 1714 1426 1746 Venus
1442 1727 1570 1752 annum,

712 1771 772 1802 Sed
790 1771 913 1802 Mavors
929 1782 1025 1801 annos
1041 1770 1109 1800 vult
1124 1769 1182 1800 sibi
1198 1781 1287 1812 poene
1303 1769 1388 1801 duos.

668 1827 758 1857 Dono
775 1827 797 1858 J
800 1827 851 1857 ovi
866 1827 969 1857 bissex
984 1837 1091 1863 annos,
1108 1825 1300 1867 trigintaque
1315 1826 1407 1868 patri,

712 1883 757 1914 Ut
773 1883 897 1914 valeant
913 1882 1006 1913 ciclos
1021 1881 1082 1912 hiis
1097 1893 1272 1924 peragrasse
1288 1893 1367 1912 suos.

669 1939 730 1970 Sed
746 1939 848 1969 minor
864 1946 908 1970 est
923 1938 1060 1969 mundus
1074 1937 1197 1968 aeternis
1212 1937 1333 1979 legibus
1349 1937 1482 1973 obstans,

712 1995 748 2025 In
766 2007 796 2026 se
812 1995 887 2025 dum
904 1994 986 2037 pacis
1002 1992 1128 2023 vincula
1144 1992 1261 2034 rumpit
1277 1991 1379 2023 homo.

670 2050 749 2080 Belli
765 2049 962 2092 subsequitur
977 2048 1115 2085 effeetus,
1133 2048 1256 2085 damna,
1272 2047 1445 2090 pudorque,

713 2106 859 2147 Metaque
876 2116 961 2148 gens,
975 2105 1096 2146 jactans
1112 2104 1231 2146 lingua,
1248 2103 1361 2146 cupido
1377 2116 1481 2146 rapax.

670 2161 744 2192 Haee
760 2160 993 2203 cruce-signatis
1009 2160 1087 2191 facio
1103 2159 1261 2202 praeludia,
1279 2172 1408 2202 quorum

713 2217 799 2247 Bella
815 2229 935 2253 canam,
952 2216 1017 2247 vita
1033 2215 1145 2258 sospite
1162 2215 1254 2246 dante
1271 2215 1348 2246 Deo.

671 2271 735 2302 Sub
751 2283 840 2302 cruce
857 2271 909 2313 qui
925 2271 1057 2302 moritur
1072 2271 1123 2302 vel
1139 2271 1230 2309 vivit,
1247 2271 1368 2313 probra⁷
1386 2283 1533 2311 susurros,

715 2327 821 2358 Praelia
837 2339 899 2358 uon
916 2328 1039 2364 metuit,
1056 2327 1164 2358 firmus
1179 2335 1284 2358 amore
1300 2328 1408 2359 erucis.
