2105 2871
293 2110 343 2130 Ιὶς,

531 398 583 422 DE
602 397 829 423 TRIUMPHIS
849 398 1046 423 ECCLESIAE
1066 398 1180 424 LIBRI
1199 398 1304 423 OCTO.

410 480 484 521 Spes
500 491 553 511 sua
570 491 666 510 messe
683 486 779 517 caret,
806 487 973 522 expectans
990 488 1129 522 tempore
1145 487 1232 511 tanto

452 536 607 574 Messiam,
625 536 759 567 sterilem
776 548 860 579 spem
876 537 1050 568 miseranda
1066 537 1159 568 fovet.

409 591 476 622 Hos
492 599 528 622 ut
543 603 718 635 cognoscas,
736 592 804 623 illos
820 592 1000 623 denominat
1016 604 1100 623 error

451 647 603 690 Ipsorum,
617 648 689 690 quia
705 654 777 678 sunt
795 648 938 678 Tartarus
954 648 1018 690 ipse
1034 648 1139 690 niger;

408 703 438 734 N
440 716 480 734 on
496 710 568 735 sunt
585 704 723 735 Tartarei
739 711 873 742 tantum,
890 704 943 735 sed
961 705 1105 735 Tartarus
1121 704 1201 747 ipse;

452 760 534 791 Gens
550 760 695 791 scelerata
712 760 805 791 nimis
821 760 946 797 dicitur,
964 760 1060 791 immo
1076 761 1182 791 scelus.

411 815 527 858 Pagina
543 827 626 847 saera
642 816 724 847 viros
740 828 849 858 verpos
865 816 1046 847 denominat
1062 816 1145 854 istos,

453 870 500 901 De
516 871 627 913 quibus
642 872 676 901 in
692 878 758 902 toto
774 878 917 913 personat
933 872 1006 903 orbe
1022 872 1133 914 fragor.

410 925 492 957 Urbs
508 933 553 957 est
568 926 649 958 orbis
664 927 764 957 honor
779 939 839 969 qua
856 927 956 969 proles
971 927 1103 970 virginis
1119 928 1199 959 orbis

454 982 607 1013 Abstersit
624 982 742 1013 facinus
757 983 918 1025 sanguinis
934 983 1032 1014 imbre
1048 984 1105 1014 sui.

412 1037 549 1080 Lignum
567 1038 736 1076 damnavit,
754 1038 807 1069 sed
824 1038 945 1080 lignum
963 1050 1018 1070 nos
1034 1040 1203 1082 reparavit3

454 1094 585 1124 Fructus
602 1106 692 1136 opem
709 1094 845 1132 dederat,
862 1106 944 1125 mors
960 1095 1032 1137 quia
1050 1095 1167 1126 fructus
1183 1102 1256 1127 erat.

412 1149 545 1180 Mortem
564 1150 651 1191 virgo
668 1150 765 1187 dedit,
782 1150 834 1181 sed
852 1151 974 1192 virgine
991 1163 1072 1181 mors
1087 1151 1265 1189 retrocedit,

457 1205 514 1236 Per
530 1218 622 1247 quam
639 1206 779 1248 procedit
795 1206 870 1244 vita,
887 1207 1028 1248 salusque
1044 1207 1133 1237 redit.

411 1261 562 1292 Astutum
579 1273 715 1292 vermem
732 1262 870 1304 pendens
886 1274 975 1293 cruce
992 1263 1094 1293 reddit
1110 1263 1271 1300 inermem,

456 1317 539 1347 Dum
557 1317 715 1348 concludit
731 1318 759 1348 ei
775 1318 870 1360 patris
886 1318 991 1360 imago
1009 1318 1077 1348 D‹=i.

413 1372 470 1403 Est
484 1372 577 1403 homo
594 1373 647 1415 qui
663 1385 777 1404 nomen
794 1385 811 1404 a
827 1373 990 1404 chrismate
1007 1374 1149 1416 sumpsit,
1167 1381 1197 1405 et
1213 1374 1298 1405 intus

456 1428 506 1459 Ex
522 1429 584 1459 alto
601 1436 723 1459 sanetus
740 1429 865 1471 spiritus
880 1429 973 1459 unxit
989 1441 1071 1460 eum.

414 1483 581 1526 Imperiosa
598 1484 656 1515 Dei
673 1485 772 1526 proles
789 1491 820 1515 et
836 1484 965 1526 virginis
981 1485 1078 1521 almae,

456 1539 566 1570 Partus
582 1539 741 1577 mirificus,
758 1540 867 1582 puniet
883 1540 939 1570 ista
958 1541 1048 1571 mala.

400 1587 402 1589 v
415 1595 569 1626 Sublimes
586 1595 680 1626 fastus
695 1595 824 1626 humilis
839 1595 990 1638 patientia
1009 1595 1125 1627 Christi

457 1651 642 1688 Prosternet,
660 1663 714 1693 per
730 1663 821 1693 quam
838 1651 1066 1693 gens„violenta
1087 1651 1179 1683 cadit.

415 1707 519 1739 Gloria
534 1707 672 1738 vanescit
688 1706 809 1744 mundi,
826 1707 984 1738 mundana
999 1714 1133 1749 potestas

456 1763 540 1794 Dum
557 1763 666 1806 surgit,
683 1763 804 1800 recidit,
821 1769 852 1793 et
867 1763 948 1804 perit
963 1763 1044 1793 orbis
1061 1763 1169 1794 honor.

413 1819 500 1851 Crux
514 1819 642 1850 humilis
657 1819 776 1862 gladios
792 1819 887 1850 elatos
902 1818 1048 1856 destruet,
1066 1830 1150 1849 arma

459 1875 544 1906 Saeva
559 1887 614 1917 per
629 1874 763 1906 assiduas
779 1880 918 1905 conteret
932 1885 983 1904 ara
998 1885 1113 1916 preces.

414 1930 494 1962 Belli
511 1931 670 1973 clangores
685 1941 829 1961 resonans
845 1941 994 1971 campana
1010 1928 1171 1972 refringet,

457 1986 536 2018 Cum
555 1986 644 2018 feriet
659 1986 762 2029 gentis
777 1986 904 2017 canonis
919 1997 990 2016 ense
1006 1985 1100 2016 nefas.

417 2042 449 2073 Si
467 2042 509 2073 fas
524 2049 570 2073 est
585 2042 697 2080 dicam,
714 2053 825 2084 papam
843 2041 995 2072 denuntio
1011 2052 1149 2083 segnem,

460 2098 490 2129 Si
508 2105 631 2141 gentem
649 2099 742 2129 talem
758 2109 821 2128 non
838 2097 958 2128 abolere
974 2097 1088 2128 studet.

414 2154 497 2185 Dum
514 2166 568 2184 sua
579 2154 650 2195 jura
665 2160 781 2195 tepent,
798 2153 829 2183 in
842 2153 912 2194 jure
930 2152 1103 2194 paterculus
1118 2164 1180 2184 esse

460 2210 645 2247 Promeruit,
662 2210 755 2240 talem
772 2221 828 2240 nec
844 2209 933 2239 decet
949 2220 1011 2239 esse
1027 2215 1154 2250 patrem.

417 2265 449 2297 Si
466 2265 577 2296 nolunt
593 2277 680 2307 reges
695 2265 867 2296 vindictam
884 2276 1014 2301 sumere,
1031 2276 1110 2306 papa

461 2321 578 2359 Sumet,
591 2321 615 2352 si
630 2333 715 2364 papae
731 2328 852 2364 pectora
869 2332 1015 2362 sompnus
1032 2320 1134 2351 habet.

911 2387 930 2413 Q

1446 391 1517 424 113
