2105 2871
253 911 267 936 ’,γ’
285 911 318 932 De
331 911 420 932 ratione
433 911 539 932 scicntia-

251 950 303 964 rum
314 950 366 972 qum
379 942 484 964 Tholosu·

252 974 396 1004 legebantur.

571 315 642 348 100

908 322 1106 348 JOHANNIS
1125 322 1177 347 DE
1198 322 1433 347 GARLANDIA

660 406 730 436 Non
747 412 791 436 est
807 405 977 436 curandum
995 406 1019 436 si
1036 416 1137 436 currat
1150 405 1262 436 mobile
1281 405 1406 442 Pascha,

704 460 801 491 Instat
817 460 870 502 qui
887 468 1010 491 moneat
1026 461 1129 491 omnia
1145 473 1265 491 summa
1281 461 1356 492 dies.

661 516 728 547 Illic
744 517 835 559 exegi
851 517 949 559 spatio
965 516 1099 548 studiosa
1115 517 1228 548 trienni

705 572 867 615 Tempora,
887 572 1028 603 Romano
1044 573 1100 604 sub
1114 573 1191 604 duce
1207 573 1302 604 lector
1317 573 1371 604 ibi.

664 628 793 670 Virgine
810 628 847 658 de
863 639 945 659 sacra
961 628 1110 670 sponsalia
1127 629 1261 660 carmina
1277 629 1350 672 legi,

704 684 821 726 Legato
838 684 954 715 Bituris
970 695 1036 726 quae
1052 685 1176 715 recitata
1194 685 1275 716 dedi.

663 739 753 770 Illum
770 751 839 769 cum
857 739 937 769 clero
954 747 1019 770 toto
1036 739 1120 780 plebs
1136 751 1229 781 prava
1245 751 1353 772 nccare

700 794 788 825 Clam
805 795 934 830 studuit,
952 795 1003 824 sed
1019 806 1081 825 non
1098 795 1225 836 pertulit
1241 795 1297 825 ista
1313 807 1422 827 comes.

660 850 824 881 (fai-dctum
844 850 907 880 falx
923 849 1114 892 aggreditur,
1132 850 1270 880 doctrina
1286 851 1396 881 recidit

704 906 839 936 Ramnos
855 913 885 936 et
902 905 1042 942 tribulos,
1059 904 1258 947 vivificatque
1271 917 1358 936 rosas.

663 961 797 992 Frondet-
813 961 845 991 in
862 961 1019 1003 eloquium
1036 961 1135 991 divisa
1151 961 1288 998 scientia,
1307 973 1419 997 ramus,

705 1016 763 1055 Qui
781 1017 859 1058 sapit
876 1016 1033 1058 egreditur
1049 1017 1267 1059 eloquiumque
1283 1017 1372 1060 regit.

661 1072 734 1103 Tres
750 1072 842 1103 habet
859 1072 1016 1113 eloquium
1033 1084 1140 1108 ramos,
1159 1084 1233 1114 quos
1249 1072 1356 1103 ordine
1373 1073 1472 1104 tendit

705 1127 955 1165 Grammaticam,
973 1128 1114 1170 logicam,
1133 1127 1351 1170 rethoricoequc
1367 1128 1512 1159 thimum.

663 1183 744 1214 Hinc
761 1183 980 1225 speculativam
998 1183 1102 1225 gignit
1118 1183 1277 1225 sapientia,
1294 1184 1397 1226 gignit

705 1239 798 1271 Hunc
815 1251 934 1270 ramum
951 1240 1038 1280 cujus
1054 1240 1186 1282 practica
1203 1251 1316 1271 nomen
1333 1241 1399 1271 erit.

664 1295 799 1326 l'ractica
817 1295 869 1326 dat
884 1307 1004 1326 ramum
1021 1295 1074 1336 qui
1090 1295 1203 1325 dicitur
1219 1295 1330 1333 ethica,
1348 1297 1434 1337 cujus

705 1350 823 1392 Corpus
839 1350 973 1381 divisum
991 1350 1111 1392 triplice
1128 1350 1235 1381 fronde
1252 1351 1340 1382 viret.

664 1406 809 1437 l’rovidet
825 1406 888 1437 haec
904 1406 973 1436 urbi
991 1406 1158 1448 domuique
1174 1407 1292 1449 sibique
1309 1407 1455 1443 vicissim,

706 1462 805 1493 Debct
821 1462 903 1493 enim
921 1462 1054 1504 prudens
1071 1463 1218 1504 providus
1233 1475 1296 1494 esse
1312 1463 1378 1494 sibi.

667 1517 724 1547 Dat
740 1517 858 1547 coeleste
875 1517 960 1559 logos
976 1517 1153 1559 speculatio,
1171 1518 1246 1549 dans
1262 1530 1296 1549 ea
1312 1518 1390 1550 fisim

708 1574 747 1604 Et
764 1573 938 1610 mathesim,
956 1574 1048 1604 ducta
1065 1575 1184 1616 triplice
1202 1575 1308 1606 fronde
1325 1576 1412 1607 viret.

666 1630 847 1660 Dinumcrat
863 1629 1017 1663 mathesis.
1036 1637 1202 1668 mensurat,
1223 1640 1377 1669 consonat,
1395 1633 1482 1663 astris

708 1685 858 1721 Instudct,
877 1692 905 1716 et
924 1697 994 1716 vere
1011 1686 1132 1727 singula
1148 1687 1224 1717 scire
1241 1686 1323 1718 facit.

668 1741 833 1783 Eulogium
851 1741 944 1771 tendo
962 1741 1086 1778 divinis,
1105 1742 1258 1784 tendoque
1275 1743 1353 1774 fisim

709 1796 777 1827 Hiis
794 1797 845 1838 qui
862 1797 983 1827 secretis
1000 1797 1161 1828 insonuere
1176 1798 1246 1828 suis.

666 1852 782 1883 Musica
798 1860 907 1883 cuncta
924 1852 1011 1894 ligat,
1028 1853 1195 1890 mundana,
1212 1853 1358 1892 humana,
1375 1855 1427 1886 sed
1443 1855 1515 1886 inde

709 1908 955 1939 Instrumentalis
973 1908 1092 1950 triplice
1108 1909 1183 1940 calle
1198 1916 1295 1946 meat;

668 1963 705 1994 Se
722 1964 835 1994 mcliccc
852 1964 989 2001 metrica,
1007 1964 1139 1995 metricae
1156 1976 1186 1996 se
1201 1965 1344 1997 rithmica
1355 1967 1474 2008 jungit,

711 2019 770 2049 Sed
787 2008 903 2050 mclicae
919 2019 1016 2050 dulcis
1031 2026 1075 2050 est
1088 2020 1138 2050 via
1153 2027 1234 2051 secta
1248 2021 1372 2063 triplex.

668 2074 727 2105 Dat
740 2075 848 2105 studiis
864 2075 1091 2106 cii-armonicam
1108 2075 1262 2118 variisque
1278 2076 1406 2114 choreis,

710 2130 826 2172 Aptam
844 2130 1041 2162 cromaticam
1058 2131 1287 2174 ditonicamque
1303 2132 1397 2163 cubis.

670 2185 788 2216 Ultima
807 2186 944 2217 'l'holosae
963 2187 1065 2229 viguit
1081 2187 1154 2218 dum
1171 2187 1311 2218 venimus
1328 2188 1411 2225 illuc,

713 2242 750 2272 Et
768 2242 883 2282 stupuit
901 2242 1015 2273 inclicae
1034 2243 1138 2274 bellica
1155 2243 1241 2274 turba
1260 2243 1365 2274 modis.
