2105 2871
224 2349 236 2373 3
251 2350 291 2372 ς

541 422 592 446 DE
611 421 836 446 TRIUMPHIS
854 419 1051 445 ECCLESIAE
1070 419 1184 444 LIBRI
1203 419 1285 444 SEX.

399 505 493 535 Multi
509 513 580 534 sunt
597 503 684 534 dubii
701 503 769 545 quis
781 502 896 543 justius
912 501 1016 532 induit
1032 513 1126 538 arma,

442 560 510 590 Rex
525 559 597 602 quia
608 559 660 600 jus
675 559 818 596 trutinat,
836 558 975 589 vindieat
991 569 1079 600 aequa
1095 568 1207 588 eomes.

400 616 471 646 Non
487 615 575 646 decet
590 615 766 658 oppositum
783 614 910 645 domino
927 621 1042 645 certare
1058 613 1215 649 clientem,

444 670 494 702 Sic
510 671 582 713 quia
593 670 737 701 concludi
752 670 863 701 sentiet
879 669 943 712 ipse
958 669 1016 700 sibi
1035 682 1041 706 3

401 726 472 756 Non
488 726 575 756 decet
591 726 702 756 armari
718 725 859 756 dominos
874 725 913 756 ad
930 725 1042 755 damna
1055 735 1191 761 suorum,

445 782 505 821 Qui
522 782 655 812 dominis
670 788 779 824 parent
791 782 923 823 juraque
939 786 1047 822 sponte
1063 786 1182 823 parant.

402 836 532 867 Metitur
548 837 628 868 vires
643 837 781 879 proprias
797 836 914 867 athleta
930 835 1071 872 disertus,

444 893 486 923 Et
500 892 603 923 studet
618 899 653 923 ut
665 892 744 934 juris
760 892 866 934 regula
883 891 975 922 ducat
992 903 1073 922 eum.

404 947 465 979 Sed
476 948 527 989 jus
543 960 619 990 saepe
635 948 728 985 eadit,
745 947 842 990 pietas
857 953 1000 984 emarcet,
1017 946 1160 977 honestas

446 1003 599 1046 Languet,
616 1003 715 1034 honor
730 1003 856 1041 dormit,
873 1003 925 1034 lex
937 1003 1030 1044 jacet,
1048 1001 1131 1044 alget
1143 1013 1239 1032 amor.

403 1059 486 1098 Quid
501 1059 583 1090 valet
598 1059 774 1101 imperium,
791 1058 867 1100 quid
882 1058 992 1088 mundi
1005 1058 1089 1099 larga
1105 1063 1248 1099 potestas,

449 1116 548 1154 Quam
564 1127 627 1145 non
643 1115 775 1145 eeclesiae
791 1126 853 1157 pax
869 1114 1015 1145 diuturna
1032 1112 1130 1155 ligat?

404 1171 496 1202 Unde
512 1178 605 1202 ruunt
623 1171 758 1202 tabulata
774 1177 896 1202 struunt
912 1170 1054 1201 sublimia
1070 1169 1173 1207 multi,

447 1227 530 1258 Dum
547 1238 632 1258 mens
648 1227 770 1257 illorum
787 1226 883 1258 nescit
898 1226 1011 1256 habere
1027 1225 1164 1256 moduni.

406 1283 485 1313 Sunt
500 1282 719 1324 quadringenti
736 1282 896 1324 deciesque
913 1288 1021 1323 quater
1037 1281 1130 1312 simul
1146 1287 1215 1312 octo

449 1338 529 1368 Sunt
545 1338 629 1375 anni,
645 1337 765 1380 peperit
780 1344 815 1368 ut
830 1338 881 1380 pia
897 1337 987 1380 virgo
1005 1337 1119 1374 Deum,

406 1394 513 1425 Fortes
529 1393 567 1424 ad
582 1393 700 1424 validos
717 1393 817 1435 Angli
833 1404 944 1423 venere
962 1392 1137 1426 Britannos,

449 1450 510 1489 Qui
525 1449 637 1492 gladiis
651 1460 782 1491 regnum
799 1460 984 1491 supposuere
999 1448 1066 1478 sibi.

407 1506 502 1536 Anno
518 1505 645 1535 milleno
662 1516 815 1546 sexageno
829 1505 899 1535 data
915 1510 1014 1541 sextO,

448 1561 517 1592 Rex
533 1572 615 1590 sacer
633 1559 817 1590 Eduuardus
832 1559 937 1590 eoeliea
952 1571 1047 1601 regna
1063 1558 1144 1600 capit
1157 1571 1164 1595 ;

407 1617 531 1659 Sceptra
548 1627 641 1658 nepos
657 1616 722 1657 ejus
739 1615 894 1646 Heraldus
909 1615 995 1646 fortis
1009 1615 1153 1651 habebat,

449 1672 510 1704 Sed
527 1672 778 1703 Normannorum
794 1671 860 1702 dux
872 1671 1028 1713 superavit
1044 1682 1124 1701 eum.

408 1729 427 1760 J
430 1740 484 1759 ura
500 1728 556 1758 sub
571 1727 695 1758 alterius
712 1727 831 1757 domini
846 1727 993 1769 possessio
1009 1726 1128 1763 transit,

449 1784 541 1815 Nune
556 1783 599 1821 vi,
616 1795 700 1814 nuno
715 1783 825 1825 pretio,
842 1795 925 1814 nune
940 1794 1040 1825 prece,
1057 1792 1202 1823 nuncque
1218 1792 1301 1811 neee.

407 1841 474 1871 Rex
490 1840 549 1870 fuit
565 1840 710 1882 Assyrius
725 1850 850 1870 excessu
865 1839 961 1870 bestia
976 1838 1083 1875 factus,

449 1897 489 1927 Et
505 1895 616 1927 eeeidit
630 1894 753 1937 proprio
769 1894 888 1925 saueius
903 1905 973 1924 ense
992 1893 1074 1924 Saul.

406 1952 471 1983 Hos
485 1963 590 1994 pacem
606 1962 724 1982 servare
741 1950 838 1987 decet,
855 1949 1030 1991 salvareque
1041 1948 1122 1989 jiua,

451 2008 529 2039 Sunt
545 2007 654 2049 quibus
670 2018 685 2037 a
697 2007 782 2047 justo
798 2005 910 2036 tradita
923 2011 1041 2046 sceptra
1058 2004 1133 2035 Deo.

406 2063 505 2106 Reges
520 2075 537 2093 a
552 2062 639 2094 bellis
654 2062 806 2099 deterreo;
823 2061 876 2103 qui
888 2061 969 2103 capit
984 2072 1087 2092 ensem

449 2118 530 2148 Ense
545 2117 634 2160 perit,
651 2117 733 2159 pacis
748 2117 858 2148 assecla
872 2128 946 2159 paee
961 2116 1076 2159 plaeet;

409 2174 463 2204 Est
478 2173 562 2204 labor
578 2184 651 2215 ergo
666 2173 774 2211 bonus,
791 2172 914 2214 quando
931 2172 995 2202 sine
1011 2178 1107 2202 marte
1123 2172 1261 2203 laborant

450 2229 549 2271 Reges
564 2235 595 2260 et
610 2228 727 2271 populi,
743 2228 804 2259 fine
820 2228 947 2258 decente
962 2227 1049 2257 mori.

410 2284 470 2316 Sed
484 2284 576 2315 modo
592 2296 662 2315 eum
678 2284 759 2315 clero
774 2284 906 2326 populus
922 2283 1086 2314 formidine
1101 2283 1174 2314 belli

452 2340 559 2378 Pallet,
575 2339 689 2381 ubique
704 2339 777 2370 facit
791 2339 898 2370 mortis
913 2339 1015 2381 imago
1031 2345 1156 2370 metum.

928 2405 949 2425 D

1456 410 1500 446 17

1521 1050 1576 1078 {De
1589 1057 1683 1072 excessu

1521 1088 1544 1105 et
1556 1083 1632 1105 ruina.
