2105 2871
259 1094 265 1109 t
276 1089 313 1109 7⁴?

500 396 554 420 DE
572 395 797 421 TRIUMPHIS
816 395 1013 420 ECCLESIAE
1031 394 1148 419 LIBRI
1165 394 1271 420 OCTO.

390 476 465 508 Haec
483 477 660 509 Sarracenis
675 490 751 520 gens
766 478 853 520 pejor
868 477 937 519 plus
952 475 1162 507 venerandam

435 532 531 564 Saevit
546 534 580 564 in
595 533 765 570 ecclesiam,
781 533 866 575 quod
880 533 999 563 ratione
1014 532 1122 575 probo.

388 588 544 631 Memphis
558 600 627 631 quae
643 589 740 620 fertur
755 589 912 626 Damiata‚
929 588 1036 630 vigore
1051 594 1155 619 coacta

432 643 572 682 Summo,
589 644 772 676 christicolis
787 645 898 682 clausa,
916 651 1038 687 recepta
1054 643 1123 674 fuit.

389 699 458 730 Illic
472 711 527 742 per
544 699 669 731 Pharias
684 701 824 732 excrevit
841 701 931 732 Nilus
947 712 1064 738 arenas,

431 754 474 785 Et
489 754 604 786 Christi
619 757 741 799 pugiles
755 757 865 787 clausit
881 763 912 787 et
927 756 1030 786 hausit
1045 755 1144 798 aquis.

390 810 520 849 Quando
536 811 709 843 Jerusalem
726 824 782 843 rex
797 812 923 843 inclitus
938 812 991 842 ille
1007 812 1030 843 J
1032 812 1172 842 ohannes

432 865 602 908 Impulerat
611 874 737 910 gentem
754 875 855 910 strage
872 879 978 898 cruore
994 867 1102 905 feram,

389 921 502 952 Nostra
518 921 630 954 famem
646 934 722 965 gens
737 934 823 965 passa
839 922 909 960 fuit,
925 922 1037 953 vallata
1055 929 1178 953 caterva

433 977 558 1015 Hostili,
576 978 642 1009 Nili
658 978 788 1009 flumine
804 979 905 1009 clausa
921 979 1010 1020 vagi;
1046 991 1049 992 ⁷

391 1033 546 1065 Soldanus
561 1041 665 1065 tamen
681 1035 814 1065 ecclesiae
829 1034 999 1065 transmisit
1013 1034 1132 1065 alendis

431 1088 528 1119 Panes
544 1089 706 1127 militibus,
723 1089 819 1120 hostis
834 1090 868 1120 in
884 1089 972 1120 hoste
986 1090 1066 1132 pius.

351 1128 353 1130 -
387 1144 442 1175 Ad
456 1144 595 1186 proprios
611 1144 753 1175 dominos
770 1145 926 1187 Memphis
941 1145 1032 1182 redit,
1048 1145 1112 1176 haec
1129 1145 1181 1176 sed
1197 1145 1284 1176 abire

433 1199 554 1231 Sanctae
568 1200 723 1242 permittit
739 1201 865 1243 agmina
881 1201 975 1231 densa
991 1201 1099 1231 crucis.

390 1255 542 1298 Tempore
557 1262 628 1298 post
643 1256 738 1298 longo
756 1256 815 1287 fuit
832 1256 1009 1287 Amalricus
1025 1256 1062 1287 ab
1079 1256 1133 1286 illa

434 1311 550 1354 Captus
565 1319 668 1354 gente,
686 1319 790 1343 tamen
806 1312 946 1343 redditus
962 1313 1034 1343 inde
1051 1312 1121 1343 suis,

391 1368 454 1399 Hic
470 1368 690 1399 Montis-fortis
705 1380 817 1406 comes,
834 1368 885 1399 hic
902 1376 933 1399 et
951 1368 1095 1411 Symonis
1110 1368 1217 1405 haeres,

434 1422 472 1453 In
488 1423 591 1454 reditu
606 1424 749 1461 moritur,
765 1424 855 1455 miles
871 1424 909 1454 ad
925 1435 1009 1454 arma
1025 1424 1150 1466 probus.

391 1478 522 1517 Quando
540 1479 740 1510 Navarrensis
755 1491 812 1510 rex
827 1486 859 1510 et
876 1479 1082 1521 Campanicus
1096 1479 1186 1510 heros

435 1534 475 1572 It,
492 1534 582 1572 redit,
599 1542 630 1566 et
646 1535 785 1577 sequitur
799 1535 873 1565 inde
890 1535 1041 1565 Rieardus
1056 1546 1137 1565 eum.

392 1590 454 1621 Hic
469 1591 562 1621 frater
577 1590 659 1633 regis
677 1591 807 1621 Henrici
823 1598 976 1621 struxerat
991 1602 1087 1621 unam

434 1646 571 1684 Turrim,
588 1658 648 1689 qua
663 1646 781 1688 gaudet
798 1646 1000 1677 Aschalonita
1015 1647 1093 1689 regi.

391 1701 482 1733 Risus
497 1701 583 1733 adest
598 1702 703 1744 elegis,
720 1702 861 1733 lacrimas
876 1703 975 1745 elegia
990 1710 1094 1733 nostra

436 1757 555 1800 Tergst,
575 1758 711 1789 Luciferi
728 1759 846 1802 lumine
860 1759 928 1790 laeta
942 1759 1026 1789 novi.

392 1814 546 1856 Tempore
560 1814 716 1845 moestitiae
734 1814 873 1845 Romana
889 1814 960 1845 sede
976 1820 1105 1845 vacante

436 1869 581 1900 Solamen
596 1881 715 1901 summa
732 1870 831 1900 mittit
846 1869 885 1900 ab
901 1881 969 1900 aree
986 1869 1081 1900 Deus.

395 1924 502 1967 Surgit
516 1925 585 1956 laeta
603 1925 698 1966 Syon,
717 1925 879 1956 Edmundi
895 1925 1033 1968 praesulis
1054 1925 1116 1956 alta

437 1980 542 2012 Gloria
557 1980 633 2012 dum
648 1981 714 2012 veri
730 1992 841 2023 pascua
856 1981 937 2012 veris
951 1981 1056 2017 habet,

360 2055 363 2057 -
394 2036 461 2074 Quo
478 2036 655 2067 Pontiniaci
670 2037 779 2068 crescit
794 2037 904 2067 domus
919 2037 1037 2074 inclita,
1052 2037 1139 2077 eujus

436 2091 555 2134 Anglia
569 2091 748 2123 thesaurum
764 2091 858 2123 defiet
873 2093 976 2123 abeaee
991 2092 1060 2123 sibi.

393 2146 489 2178 Gallis
504 2146 657 2178 confessor
672 2148 763 2178 datus
779 2155 825 2179 est
842 2147 1038 2185 Edmundus,
1055 2154 1087 2178 et
1103 2147 1218 2189 Anglis

435 2202 567 2244 Martyr‚
583 2203 708 2246 utrique
723 2210 828 2234 tamen
845 2203 963 2246 Anglia
979 2210 1078 2234 mater
1093 2208 1167 2234 erat.

391 2257 454 2288 Hic
468 2269 535 2294 rex,
552 2257 604 2288 hic
618 2258 748 2300 primas;
764 2258 817 2289 hie
832 2258 932 2295 miles,
949 2265 980 2288 et
995 2258 1048 2289 ilJe
1064 2258 1220 2294 sacerdos;

435 2312 565 2354 Dispare
575 2319 675 2344 morte
690 2324 777 2356 pares
792 2321 863 2344 sunt
879 2313 913 2343 in
929 2313 1046 2343 honore
1062 2313 1155 2344 stolae.

900 2372 917 2399 2
935 2379 953 2404 Q

1423 385 1496 418 115

1512 468 1529 496 s
1540 468 1575 490 De
1583 468 1691 496 captione
1704 466 1822 488 Damiatae

1512 501 1613 522 civitatis
1624 501 1648 521 iu
1662 499 1766 529 AEgypto
1777 506 1792 520 a

1512 533 1654 559 christianis,
1666 536 1689 553 et
1701 533 1731 553 de
1744 538 1796 560 pet*-

1513 565 1603 587 ditione
1616 566 1676 593 ejus

1517 1259 1535 1286 ‘J
1543 1259 1579 1281 De
1591 1259 1642 1281 aliis
1654 1258 1813 1288 cruce-signa-

1518 1293 1554 1315 tiS.
1564 1296 1586 1313 et
1599 1292 1673 1321 captis
1684 1291 1827 1320 quibusdam

1470 1325 1475 1328 '
1517 1325 1643 1346 comitibus
1655 1324 1747 1346 nostris.

1515 1701 1532 1726 *J
1552 1700 1588 1722 De
1599 1704 1680 1721 sancto
1698 1700 1826 1722 Edmundo

1515 1733 1654 1756 confessore.
1667 1733 1708 1761 qui
1720 1740 1748 1754 eo
1759 1738 1818 1754 tem-

1515 1772 1571 1794 pore
1583 1765 1681 1787 decessit
1691 1766 1763 1794 juxta

1517 1798 1654 1821 Provinum.
1667 1797 1794 1819 translatus

1517 1830 1693 1857 pontiniacum,
1705 1831 1746 1858 quj
1759 1830 1803 1852 fuit

1516 1863 1707 1892 archiepiscopus
1719 1862 1781 1884 Can<

1517 1900 1648 1917 tuanenSIS.
