2105 2871
529 446 581 470 DE
600 445 826 470 TRIUMPHIS
845 444 1042 470 ECOLESIAE
1062 444 1177 469 LIBRI
1195 444 1278 469 SEX.

399 529 425 558 N
429 535 498 559 otus
514 528 597 558 enim
614 527 733 558 subitus
748 534 794 558 est
809 527 883 558 vitae
898 527 1055 564 victricus,
1072 527 1168 557 bostis

442 584 578 622 Naturae,
596 584 695 615 virtus
711 596 772 626 quo
788 584 921 626 regitiva
938 589 1052 625 stupet.

399 640 427 670 N
430 652 470 670 on
485 646 640 682 praecauta
656 640 737 682 gerit
753 640 880 671 formica
897 640 954 670 sub
969 639 1078 670 horrea
1094 638 1225 675 victum,

442 696 514 726 Non
530 696 670 738 queritur
686 696 776 726 solito
792 695 915 738 garrula
930 707 1004 726 rana
1019 695 1126 737 magis.

398 751 547 782 Venturae
562 751 678 794 pluviae
693 751 829 793 proferre
845 751 1019 793 pronostica
1035 750 1125 781 novit

442 807 561 844 Cultor,
578 818 667 838 causa
683 813 788 838 tamen
804 807 888 838 hunc
904 819 957 838 sua
973 814 1055 838 certa
1071 807 1156 837 latet.

399 862 543 893 Candelae
559 862 676 893 cineres
691 862 716 893 si
731 862 968 900 condensantur,
985 870 1015 893 et
1032 862 1105 904 igne

444 918 515 948 Non
531 925 673 960 pereunt,
690 918 803 948 humor
819 930 888 949 aera
904 918 1015 949 densus
1030 918 1133 949 habet.

402 974 577 1005 Scintillare
593 974 702 1005 vident
718 974 821 1005 oleum
839 986 909 1005 cum
927 975 995 1005 lucc
1011 974 1162 1012 sedentes,

250 1036 302 1063 3713
445 1030 524 1061 Cum
541 1030 599 1061 sibi
615 1029 779 1061 conflictus
795 1030 908 1061 humor
923 1036 954 1060 et
970 1030 1053 1072 ignis
1068 1037 1170 1071 agant.

370 1072 490 1117 »Tune
506 1086 639 1117 volitant
655 1086 749 1128 paleae
765 1094 869 1124 vento,
888 1086 1071 1128 frondesque
1087 1086 1219 1122 caducae,

446 1144 513 1173 Aut
529 1142 562 1172 in
578 1154 657 1184 aqua
672 1149 792 1173 motum
808 1142 911 1173 lucida
927 1142 1010 1173 bulla
1027 1142 1108 1172 facit.

404 1199 440 1229 In
456 1210 591 1240 praeceps
608 1198 703 1229 fertur
719 1198 801 1240 ignis
817 1198 902 1240 quasi
918 1198 1004 1228 stella
1019 1204 1176 1240 sequente,

445 1255 560 1285 Tractu
576 1261 741 1285 ventorum
758 1254 883 1285 turbine
899 1254 1024 1285 nimbus
1041 1254 1110 1285 erit.

404 1310 509 1341 Ardea
524 1317 599 1341 tunc
615 1316 702 1341 notas
719 1310 775 1341 sibi
793 1310 906 1341 deserit
922 1317 993 1341 ante
1010 1310 1149 1352 paludes,

448 1366 489 1397 Et
504 1366 627 1408 fugiens
643 1366 704 1396 alta
720 1366 803 1397 nube
819 1366 951 1397 latenter
967 1366 1039 1397 abit.

405 1421 476 1453 Non
492 1421 635 1463 equidem
653 1421 744 1452 credo
761 1421 845 1463 quod
860 1421 899 1452 sit
914 1421 1080 1464 prudentia
1096 1434 1198 1453 rerum

448 1477 519 1507 Hiis
534 1477 642 1514 brutis,
659 1477 711 1508 sed
727 1477 759 1507 in
775 1477 835 1508 hoc
850 1477 974 1508 mobilis
989 1477 1102 1508 humor
1118 1478 1192 1520 agit.

406 1533 580 1564 Vertunt-ur
596 1532 711 1575 species
727 1533 913 1571 animorum,
931 1534 1055 1575 quando
1071 1545 1195 1565 serenus

258 1589 285 1613 J„
300 1593 308 1605 ⁵
448 1591 513 1621 Aer
529 1589 672 1627 efficitur,
689 1589 739 1620 vel
755 1590 932 1620 cumulatur
947 1589 1042 1632 aquis.

404 1645 452 1677 De
467 1645 557 1676 fluxu
573 1645 720 1688 quoniam
737 1645 874 1677 variatur
889 1646 996 1688 opinio
1012 1646 1111 1688 ponti,

447 1701 546 1733 Causa
561 1702 608 1733 sui
624 1701 729 1733 fluxus
745 1708 790 1732 est
806 1702 953 1733 varianda
969 1702 1058 1733 mihi.

407 1757 610 1789 Hebdomada
626 1757 708 1788 lunae
724 1757 824 1799 prima
840 1757 1013 1789 decrescere
1029 1757 1125 1788 fertur

449 1813 583 1851 Humor,
600 1825 692 1855 quem
709 1813 801 1844 siccat
817 1813 959 1855 lampade
974 1813 1048 1844 luna
1064 1825 1155 1844 nova.

408 1869 448 1899 Et
463 1875 566 1899 tamen
582 1875 618 1899 ut
634 1868 743 1899 dicunt
758 1869 792 1899 in
808 1880 838 1899 se
854 1869 1027 1900 decrescere
1042 1869 1141 1900 nescit

450 1924 598 1962 Oceanus,
616 1925 757 1967 quamvis
772 1924 832 1956 hoc
847 1925 990 1956 videatur
1005 1925 1058 1957 ita.

408 1980 565 2012 Humidus
581 1988 625 2012 est
641 1993 692 2012 aer
707 1981 819 2023 primo,
836 1981 888 2012 sed
905 1981 973 2012 luce
988 1988 1144 2024 resumpta

450 2036 507 2067 Est
522 2037 603 2067 calor
618 2043 801 2079 assumptus,
819 2048 910 2078 quein
928 2048 1008 2067 nova
1024 2037 1097 2068 luna
1113 2037 1206 2079 capit.

408 2092 557 2123 Humoris
573 2093 681 2123 crescit
696 2093 876 2131 substantia,
894 2092 1000 2124 deficit
1016 2093 1080 2130 illa,

242 2152 294 2178 331
452 2148 582 2187 Quando
598 2160 650 2179 vas
666 2148 766 2179 laticis
780 2149 890 2191 plusve
905 2148 1048 2180 minusve
1064 2149 1154 2191 capit.

374 2197 391 2202 ἢ
408 2204 439 2234 Α
455 2216 526 2235 casu
541 2204 659 2242 crescit,
676 2204 835 2243 decrescit,
852 2205 931 2235 vasis
947 2211 983 2235 ut
998 2205 1110 2236 humor

453 2260 584 2297 Ebullit‚
600 2260 714 2291 residet
729 2260 908 2291 conditione
924 2260 995 2291 foci.

409 2315 523 2347 Deficit
537 2315 571 2345 in
587 2315 686 2358 prima
701 2316 882 2354 substantia,
899 2316 1008 2347 crescit
1023 2316 1056 2346 in
1072 2316 1135 2347 ima

453 2371 656 2402 Hebdomada
672 2372 793 2410 mensis,
811 2372 863 2403 sed
879 2372 1018 2403 variante
1034 2372 1135 2403 inodo.

1457 436 1504 469 31
