2105 2871
537 421 539 425 ι
557 401 629 435 138

886 412 1083 437 JOHANNIS
1101 412 1153 437 DE
1173 411 1406 437 GARLANDIA

647 493 696 524 Sic
712 500 747 523 ut
763 493 951 525 Christicolae
966 494 1131 533 salventur,
1147 506 1264 536 resque,
1281 494 1386 536 piique

687 549 820 591 Captivi,
837 561 966 591 quorum
983 550 1070 592 copia
1085 550 1181 580 multa
1198 549 1265 579 fuit.

647 604 765 646 Pugna,
779 604 881 642 fames,
899 605 1000 646 pestis,
1017 605 1130 635 multos
1145 617 1271 647 rapuere
1287 605 1402 639 fideles,

686 659 744 690 Sed
758 660 841 690 Deus
856 659 914 690 hiis
930 659 1020 690 finem
1039 659 1111 689 fecit
1125 660 1227 690 adesse
1250 661 1344 691 malis.

643 714 721 745 Nam
738 715 815 745 sicut.
830 715 896 745 dixi
913 714 1029 757 gemini
1046 715 1161 756 periere
1178 716 1311 757 tyranni,

684 769 725 799 Et
740 781 793 799 rex
809 769 864 799 sub
881 776 962 799 certo
980 768 1091 799 foedere
1107 770 1208 800 salvus
1223 770 1296 800 abit.

641 824 736 854 Fraus
752 824 876 855 inimica
891 830 992 854 tamen
1012 823 1192 854 Parthorum
1210 824 1321 855 foedera
1337 825 1438 867 fregit,

684 880 708 909 F
712 880 820 910 irman]
835 879 1023 910 Francorum
1039 891 1112 921 rege
1128 886 1251 910 tenente
1268 880 1370 911 fidem.

641 934 708 964 Rex
724 934 858 965 medium
876 934 966 976 pretii
982 934 1084 972 solvit,
1101 935 1154 966 sed
1170 935 1274 966 fraude
1291 942 1409 977 reperta

683 989 818 1020 Consilio
834 996 941 1020 turmae
957 989 1000 1020 nil
1018 989 1103 1020 dedit
1118 990 1190 1020 inde
1206 1002 1276 1021 suae.

642 1044 741 1086 Larga
756 1056 863 1075 manus
878 1045 958 1086 regis
974 1045 1069 1076 vitam
1085 1046 1295 1088 praeponderat
1312 1057 1396 1083 auro,

684 1100 753 1130 Non
769 1111 876 1130 aurum
893 1100 963 1130 vitae
979 1100 1057 1131 sicut
1072 1113 1162 1131 avara
1178 1113 1295 1132 manus.

641 1158 720 1192 Quas
735 1154 877 1186 admirati
892 1161 1014 1196 treugas
1030 1162 1162 1186 statuere
1178 1156 1324 1186 tenendas

683 1209 762 1239 Cum
778 1210 971 1240 sacramentis
987 1222 1050 1240 non
1065 1217 1190 1241 tenuere
1206 1211 1275 1241 suis.

644 1264 825 1295 Reddendos
837 1265 875 1295 ad
891 1266 1072 1307 martyrium
1089 1266 1238 1297 deducere
1254 1274 1381 1304 certant,

684 1319 755 1349 Non
771 1326 915 1350 metuunt
931 1320 1026 1350 validi
1042 1321 1124 1362 quod
1140 1322 1269 1353 tolerare
1286 1322 1354 1352 viri.

643 1375 701 1405 Sed
718 1375 822 1406 miseri
839 1376 946 1406 mortis
962 1376 1125 1408 formidine
1141 1389 1269 1408 munera
1285 1378 1354 1408 vitae

686 1430 852 1462 Mortiferae
868 1432 1003 1473 capiunt,
1021 1433 1198 1475 servitiique
1210 1434 1333 1475 jugum.

644 1488 722 1516 Sunt
740 1486 894 1518 Sarraceni
912 1487 1040 1526 fallace&
1060 1489 1225 1531 fraudeque
1241 1490 1335 1531 pleni,

687 1541 837 1584 Expertes
853 1544 928 1580 veri,
946 1543 1156 1586 daemonioqne
1173 1544 1239 1575 feri.

645 1597 653 1626 l
662 1597 756 1627 'robra
771 1605 884 1635 serunt,
902 1606 1108 1641 spernuntque
1124 1612 1255 1638 crucem,
1273 1601 1450 1642 calcantque
1466 1602 1596 1632 verenda

690 1653 784 1694 Signa
801 1653 868 1690 Dei,
885 1654 971 1694 cujus
987 1655 1018 1684 in
1034 1666 1116 1686 saera
1132 1664 1215 1686 scuta
1231 1663 1354 1698 spuunt.

648 1708 719 1738 Haec
735 1709 807 1739 fitcit
823 1709 949 1740 invidiae
965 1710 1117 1748 stimulus,
1135 1712 1206 1753 quia
1222 1712 1349 1753 parvula
1366 1712 1479 1743 Christi

689 1764 714 1793 T
717 1765 836 1795 urmula
852 1771 897 1795 tot
909 1766 1051 1807 reprobos
1066 1766 1145 1797 ensis
1157 1778 1255 1809 agone
1270 1767 1384 1798 domat.

647 1819 832 1850 Christicolae
848 1827 976 1862 pereunt
993 1821 1152 1858 Damiatae‚
1169 1833 1275 1864 resque
1291 1830 1407 1864 negatae

692 1875 770 1905 Sunt
785 1876 860 1917 regi,
878 1882 982 1906 contra
993 1877 1064 1917 jura
1077 1884 1189 1908 statuta
1205 1878 1314 1919 palam.

650 1930 755 1972 Surgit
772 1931 976 1973 Haleupensis
992 1932 1142 1970 soldanus,
1156 1933 1281 1974 jamque
1298 1933 1479 1964 Damascum

691 1985 731 2016 Et
746 1986 846 2027 plures
861 1987 949 2017 urbes
961 1987 1105 2029 subjugat
1120 1999 1190 2018 ense
1207 1987 1272 2018 sibi.

650 2040 709 2070 Hic
724 2041 876 2072 interfecti
891 2042 1007 2072 soldani
1024 2054 1117 2084 regna
1133 2055 1238 2074 cruore

694 2095 855 2138 Purpurat,
872 2103 902 2127 et
918 2097 1004 2128 nobis
1019 2109 1104 2139 posse
1120 2110 1228 2130 nocere
1247 2099 1358 2130 studet.

652 2150 719 2181 Hoc
734 2153 847 2193 poterit
863 2151 961 2182 forsan
976 2154 1125 2194 prodesse,
1143 2153 1225 2195 quod
1240 2154 1304 2196 ipse
1320 2162 1458 2196 potentes

693 2205 834 2237 Destruet
850 2206 992 2249 AEgypti,
1009 2208 1202 2250 perfidiaeque
1218 2209 1316 2240 duces.

651 2262 728 2291 Cum
745 2261 853 2303 quibus
869 2261 920 2292 hic
935 2263 1058 2293 tandem
1074 2263 1260 2294 Machometi
1276 2265 1380 2296 tendet
1395 2265 1433 2296 ad
1450 2267 1580 2297 umbras.

694 2315 869 2358 lnfcrnique
885 2316 970 2348 ducis
986 2329 1102 2349 carcere
1114 2319 1231 2350 clausus
1247 2320 1314 2350 erit.
